[
    {
        "name": "Wonder\u00ae Classic White Bread 20 oz. Loaf",
        "price": 2.92,
        "unit_price": 0.146,
        "unit": "oz",
        "category": "carbs",
        "calories": 1600.0,
        "calories_per_dollar": 0,
        "aisle_number": "N/A",
        "availability": "N/A",
        "product_link": "https://www.walmart.com/ip/Wonder-Bread-Classic-White-Sandwich-Bread-Sliced-White-Bread-20-oz/37858875?athbdg=L1600"
    },
    {
        "name": "Nature's Own Butterbread Sliced White Bread Loaf, 20 oz",
        "price": 3.42,
        "unit_price": 0.17099999999999999,
        "unit": "oz",
        "category": "carbs",
        "calories": 1600.0,
        "calories_per_dollar": 0,
        "aisle_number": "N/A",
        "availability": "N/A",
        "product_link": "https://www.walmart.com/ip/Nature-s-Own-Butterbread-Sliced-White-Bread-Loaf-20-oz/10450012?athbdg=L1600"
    },
    {
        "name": "Nature's Own Honey Wheat Sandwich Bread Loaf, 20 oz",
        "price": 3.27,
        "unit_price": 0.1635,
        "unit": "oz",
        "category": "carbs",
        "calories": 1600.0,
        "calories_per_dollar": 0,
        "aisle_number": "N/A",
        "availability": "N/A",
        "product_link": "https://www.walmart.com/ip/Nature-s-Own-Honey-Wheat-Sandwich-Bread-Loaf-20-oz/10450000"
    },
    {
        "name": "Dave's Killer Bread 21 Whole Grains and Seeds Thin-Sliced Organic Bread Loaf, 20.5 oz",
        "price": 5.47,
        "unit_price": 0.26682926829268294,
        "unit": "oz",
        "category": "carbs",
        "calories": 1640.0,
        "calories_per_dollar": 0,
        "aisle_number": "N/A",
        "availability": "N/A",
        "product_link": "https://www.walmart.com/ip/Dave-s-Killer-Bread-21-Whole-Grains-and-Seeds-Thin-Sliced-Organic-Bread-Loaf-20-5-oz/170476642"
    },
    {
        "name": "Great Value White Round Top Bread Loaf, 20 oz",
        "price": 1.2,
        "unit_price": 0.06,
        "unit": "oz",
        "category": "carbs",
        "calories": 1600.0,
        "calories_per_dollar": 0,
        "aisle_number": "N/A",
        "availability": "N/A",
        "product_link": "https://www.walmart.com/ip/Great-Value-White-Round-Top-Bread-Loaf-20-oz/10315355?athbdg=L1200"
    },
    {
        "name": "Grandma Sycamore's White Bread, 24 oz, Soft White Bread, Bag",
        "price": 2.98,
        "unit_price": 0.12416666666666666,
        "unit": "oz",
        "category": "carbs",
        "calories": 1920.0,
        "calories_per_dollar": 0,
        "aisle_number": "N/A",
        "availability": "N/A",
        "product_link": "https://www.walmart.com/ip/Grandma-Sycamore-s-Home-Maid-Bread-White-Bread-24-oz/10534350"
    },
    {
        "name": "Nature's Own Butterbread Sliced White Bread Loaf, 20 oz",
        "price": 3.42,
        "unit_price": 0.17099999999999999,
        "unit": "oz",
        "category": "carbs",
        "calories": 1600.0,
        "calories_per_dollar": 0,
        "aisle_number": "N/A",
        "availability": "N/A",
        "product_link": "https://www.walmart.com/ip/Nature-s-Own-Butterbread-Sliced-White-Bread-Loaf-20-oz/10450012?athbdg=L1600"
    },
    {
        "name": "Great Value Honey Wheat Bread, 20 oz",
        "price": 1.87,
        "unit_price": 0.0935,
        "unit": "oz",
        "category": "carbs",
        "calories": 1600.0,
        "calories_per_dollar": 0,
        "aisle_number": "N/A",
        "availability": "N/A",
        "product_link": "https://www.walmart.com/ip/Great-Value-Honey-Wheat-Bread-20-oz/44391070"
    },
    {
        "name": "Wonder Classic White Bread 20 oz. Loaf",
        "price": 2.92,
        "unit_price": 0.146,
        "unit": "oz",
        "category": "carbs",
        "calories": 1600.0,
        "calories_per_dollar": 0,
        "aisle_number": "N/A",
        "availability": "N/A",
        "product_link": "https://www.walmart.com/ip/Wonder-Bread-Classic-White-Sandwich-Bread-Sliced-White-Bread-20-oz/37858875?athbdg=L1600"
    },
    {
        "name": "Nature's Own Honey Wheat Sandwich Bread Loaf, 20 oz",
        "price": 3.27,
        "unit_price": 0.1635,
        "unit": "oz",
        "category": "carbs",
        "calories": 1600.0,
        "calories_per_dollar": 0,
        "aisle_number": "N/A",
        "availability": "N/A",
        "product_link": "https://www.walmart.com/ip/Nature-s-Own-Honey-Wheat-Sandwich-Bread-Loaf-20-oz/10450000"
    },
    {
        "name": "Nature's Own 100% Whole Wheat Bread Loaf, 20 oz",
        "price": 3.64,
        "unit_price": 0.182,
        "unit": "oz",
        "category": "carbs",
        "calories": 1600.0,
        "calories_per_dollar": 0,
        "aisle_number": "N/A",
        "availability": "N/A",
        "product_link": "https://www.walmart.com/ip/Nature-s-Own-100-Whole-Wheat-Bread-Loaf-20-oz/10450002?athbdg=L1600"
    },
    {
        "name": "Nature's Own Perfectly Crafted White Bread, Thick-Sliced Loaf, 22 oz., Shelf-Stable",
        "price": 3.42,
        "unit_price": 0.15545454545454546,
        "unit": "oz",
        "category": "carbs",
        "calories": 1760.0,
        "calories_per_dollar": 0,
        "aisle_number": "N/A",
        "availability": "N/A",
        "product_link": "https://www.walmart.com/ip/Nature-s-Own-Perfectly-Crafted-White-Bread-Thick-Sliced-Loaf-22-oz/117901527"
    },
    {
        "name": "Dave's Killer Bread 21 Whole Grains and Seeds Organic Bread Loaf, 27 oz. (Pack of 4)",
        "price": 20.5,
        "unit_price": 0.7592592592592593,
        "unit": "oz",
        "category": "carbs",
        "calories": 2160.0,
        "calories_per_dollar": 0,
        "aisle_number": "N/A",
        "availability": "N/A",
        "product_link": "https://www.walmart.com/ip/Dave-s-Killer-Bread-21-Whole-Grains-and-Seeds-Organic-Bread-Loaf-27-oz-Pack-of-4/7560109084"
    },
    {
        "name": "Great Value Country Potato Bread Loaf, 24 oz",
        "price": 2.57,
        "unit_price": 0.10708333333333332,
        "unit": "oz",
        "category": "carbs",
        "calories": 1920.0,
        "calories_per_dollar": 0,
        "aisle_number": "N/A",
        "availability": "N/A",
        "product_link": "https://www.walmart.com/ip/Great-Value-Country-Potato-Bread-Loaf-24-oz/46491804?athbdg=L1600"
    },
    {
        "name": "Sara Lee Honey Wheat Bread, 20 oz, Soft Pre-sliced Wheat Bread, Bag",
        "price": 2.93,
        "unit_price": 0.14650000000000002,
        "unit": "oz",
        "category": "carbs",
        "calories": 1600.0,
        "calories_per_dollar": 0,
        "aisle_number": "N/A",
        "availability": "N/A",
        "product_link": "https://www.walmart.com/ip/Sara-Lee-Honey-Wheat-Bread-20-oz-Soft-Pre-sliced-Wheat-Bread-Bag/10533916"
    },
    {
        "name": "Great Value 100% Whole Wheat Round Top Bread, 20 oz",
        "price": 1.97,
        "unit_price": 0.0985,
        "unit": "oz",
        "category": "carbs",
        "calories": 1600.0,
        "calories_per_dollar": 0,
        "aisle_number": "N/A",
        "availability": "N/A",
        "product_link": "https://www.walmart.com/ip/Great-Value-100-Whole-Wheat-Round-Top-Bread-20-oz/10804551?athbdg=L1600"
    },
    {
        "name": "Freshness Guaranteed Italian Garlic Herb Bread, 14 oz (Shelf Stable/Regular)",
        "price": 1.47,
        "unit_price": 0.105,
        "unit": "oz",
        "category": "carbs",
        "calories": 1120.0,
        "calories_per_dollar": 0,
        "aisle_number": "N/A",
        "availability": "N/A",
        "product_link": "https://www.walmart.com/ip/Freshness-Guaranteed-Italian-Garlic-Herb-Bread-14-oz-Shelf-Stable-Regular/817946876"
    },
    {
        "name": "Sara Lee Artesano Original Bread, 20 oz, Soft White Pre-sliced White Bread, Bag",
        "price": 2.98,
        "unit_price": 0.149,
        "unit": "oz",
        "category": "carbs",
        "calories": 1600.0,
        "calories_per_dollar": 0,
        "aisle_number": "N/A",
        "availability": "N/A",
        "product_link": "https://www.walmart.com/ip/Sara-Lee-Artesano-Original-Bread-20-oz-White-Soft-Pre-sliced-White-Bread-Bag/46762679"
    },
    {
        "name": "Great Value Multi Grain Bread, 24 oz",
        "price": 2.57,
        "unit_price": 0.10708333333333332,
        "unit": "oz",
        "category": "carbs",
        "calories": 1920.0,
        "calories_per_dollar": 0,
        "aisle_number": "N/A",
        "availability": "N/A",
        "product_link": "https://www.walmart.com/ip/Great-Value-Multi-Grain-Bread-24-oz/46491799"
    },
    {
        "name": "Bimbo White Bread, 20 count, Soft White Bread, 20 oz Bag",
        "price": 1.98,
        "unit_price": 0.099,
        "unit": "count",
        "category": "carbs",
        "calories": null,
        "calories_per_dollar": 0,
        "aisle_number": "N/A",
        "availability": "N/A",
        "product_link": "https://www.walmart.com/ip/Bimbo-Soft-White-Bread-20-oz/15716765"
    },
    {
        "name": "Naked Bread Thick Sliced Classic White Sandwich Bread Loaf, 22.5 oz",
        "price": 2.98,
        "unit_price": 0.13244444444444445,
        "unit": "oz",
        "category": "carbs",
        "calories": 1800.0,
        "calories_per_dollar": 0,
        "aisle_number": "N/A",
        "availability": "N/A",
        "product_link": "https://www.walmart.com/ip/Naked-Bread-Thick-Sliced-Classic-White-Sandwich-Bread-Loaf-22-5-oz/405245096"
    },
    {
        "name": "Dave's Killer Bread 21 Whole Grains and Seeds Organic Bread Loaf, 27 oz., Shelf-Stable",
        "price": 5.98,
        "unit_price": 0.2214814814814815,
        "unit": "oz",
        "category": "carbs",
        "calories": 2160.0,
        "calories_per_dollar": 0,
        "aisle_number": "N/A",
        "availability": "N/A",
        "product_link": "https://www.walmart.com/ip/Dave-s-Killer-Bread-21-Whole-Grains-and-Seeds-Organic-Bread-Loaf-27-oz/49342184"
    },
    {
        "name": "Freshness Guaranteed French Bread, 14 oz",
        "price": 1.0,
        "unit_price": 0.07142857142857142,
        "unit": "oz",
        "category": "carbs",
        "calories": 1120.0,
        "calories_per_dollar": 0,
        "aisle_number": "N/A",
        "availability": "N/A",
        "product_link": "https://www.walmart.com/ip/Freshness-Guaranteed-French-Bread-14-oz/46491756"
    },
    {
        "name": "Sara Lee Classic Bread, 20 oz, Soft Plain White Bread, Bag",
        "price": 2.5,
        "unit_price": 0.125,
        "unit": "oz",
        "category": "carbs",
        "calories": 1600.0,
        "calories_per_dollar": 0,
        "aisle_number": "N/A",
        "availability": "N/A",
        "product_link": "https://www.walmart.com/ip/Sara-Lee-Classic-White-Sandwich-Bread-20-Oz-Loaf-of-White-Bread/10533915"
    },
    {
        "name": "Great Value Sourdough Bread, 24 oz",
        "price": 2.57,
        "unit_price": 0.10708333333333332,
        "unit": "oz",
        "category": "carbs",
        "calories": 1920.0,
        "calories_per_dollar": 0,
        "aisle_number": "N/A",
        "availability": "N/A",
        "product_link": "https://www.walmart.com/ip/Great-Value-Sourdough-Bread-24-oz/46491805"
    },
    {
        "name": "Sara Lee Delightful White Bread, 15 oz, Soft White Bread, Bag",
        "price": 3.44,
        "unit_price": 0.22933333333333333,
        "unit": "oz",
        "category": "carbs",
        "calories": 1200.0,
        "calories_per_dollar": 0,
        "aisle_number": "N/A",
        "availability": "N/A",
        "product_link": "https://www.walmart.com/ip/Sara-Lee-Delightful-White-Made-With-Whole-Grain-Sandwich-Bread-Keto-Friendly-15-Oz-Loaf-of-White-Bread/124499625"
    },
    {
        "name": "Freshness Guaranteed Marble Rye Sandwich Bread, 20 oz",
        "price": 3.98,
        "unit_price": 0.199,
        "unit": "oz",
        "category": "carbs",
        "calories": 1600.0,
        "calories_per_dollar": 0,
        "aisle_number": "N/A",
        "availability": "N/A",
        "product_link": "https://www.walmart.com/ip/Freshness-Guaranteed-Marble-Rye-Sandwich-Bread-20-oz/111806508"
    },
    {
        "name": "Franz Premium Big White Bread Loaf, 22.5 oz",
        "price": 2.64,
        "unit_price": 0.11733333333333335,
        "unit": "oz",
        "category": "carbs",
        "calories": 1800.0,
        "calories_per_dollar": 0,
        "aisle_number": "N/A",
        "availability": "N/A",
        "product_link": "https://www.walmart.com/ip/Franz-Premium-Big-White-Bread-Loaf-22-5-oz/175276600"
    },
    {
        "name": "Freshness Guaranteed Sliced Italian Bread, 14 oz",
        "price": 1.0,
        "unit_price": 0.07142857142857142,
        "unit": "oz",
        "category": "carbs",
        "calories": 1120.0,
        "calories_per_dollar": 0,
        "aisle_number": "N/A",
        "availability": "N/A",
        "product_link": "https://www.walmart.com/ip/Freshness-Guaranteed-Sliced-Italian-Bread-14-oz/328869537"
    },
    {
        "name": "Great Value 100% Whole Wheat Bread Loaf, 24 oz",
        "price": 2.57,
        "unit_price": 0.10708333333333332,
        "unit": "oz",
        "category": "carbs",
        "calories": 1920.0,
        "calories_per_dollar": 0,
        "aisle_number": "N/A",
        "availability": "N/A",
        "product_link": "https://www.walmart.com/ip/Great-Value-100-Whole-Wheat-Bread-Loaf-24-oz/188935887"
    },
    {
        "name": "Nature's Own Perfectly Crafted Multi Grain Bread Loaf, 22 oz",
        "price": 3.54,
        "unit_price": 0.16090909090909092,
        "unit": "oz",
        "category": "carbs",
        "calories": 1760.0,
        "calories_per_dollar": 0,
        "aisle_number": "N/A",
        "availability": "N/A",
        "product_link": "https://www.walmart.com/ip/Nature-s-Own-Perfectly-Crafted-Multi-Grain-Bread-Loaf-22-oz/916953541"
    },
    {
        "name": "Sara Lee Classic Bread, 20 oz, Soft Plain White Bread, Bag",
        "price": 2.5,
        "unit_price": 0.125,
        "unit": "oz",
        "category": "carbs",
        "calories": 1600.0,
        "calories_per_dollar": 0,
        "aisle_number": "N/A",
        "availability": "N/A",
        "product_link": "https://www.walmart.com/ip/Sara-Lee-Classic-White-Sandwich-Bread-20-Oz-Loaf-of-White-Bread/10533915"
    },
    {
        "name": "Sara Lee Butter Bread, 20 oz, Soft White Bread, Bag",
        "price": 2.82,
        "unit_price": 0.141,
        "unit": "oz",
        "category": "carbs",
        "calories": 1600.0,
        "calories_per_dollar": 0,
        "aisle_number": "N/A",
        "availability": "N/A",
        "product_link": "https://www.walmart.com/ip/Sara-Lee-Butter-Bread-Sandwich-Bread-20-Oz-Loaf-of-Butter-Bread/36618465"
    },
    {
        "name": "Dave's Killer Bread 21 Whole Grains and Seeds Organic Bread Loaf, 27 oz. (Pack of 5)",
        "price": 25.5,
        "unit_price": 0.9444444444444444,
        "unit": "oz",
        "category": "carbs",
        "calories": 2160.0,
        "calories_per_dollar": 0,
        "aisle_number": "N/A",
        "availability": "N/A",
        "product_link": "https://www.walmart.com/ip/Dave-s-Killer-Bread-21-Whole-Grains-and-Seeds-Organic-Bread-Loaf-27-oz-Pack-of-5/7589063407"
    },
    {
        "name": "Nature's Own WhiteWheat Healthy White Bread, Sliced White Bread Loaf, 20 oz, (Pack of 3)",
        "price": 15.5,
        "unit_price": 0.775,
        "unit": "oz",
        "category": "carbs",
        "calories": 1600.0,
        "calories_per_dollar": 0,
        "aisle_number": "N/A",
        "availability": "N/A",
        "product_link": "https://www.walmart.com/ip/Nature-s-Own-WhiteWheat-Healthy-White-Bread-Sliced-White-Bread-Loaf-20-oz-Pack-of-3/7562054010"
    },
    {
        "name": "Freshness Guaranteed Sliced Plain French Bread, 14 oz",
        "price": 1.0,
        "unit_price": 0.07142857142857142,
        "unit": "oz",
        "category": "carbs",
        "calories": 1120.0,
        "calories_per_dollar": 0,
        "aisle_number": "N/A",
        "availability": "N/A",
        "product_link": "https://www.walmart.com/ip/Freshness-Guaranteed-Sliced-Plain-French-Bread-14-oz/238970332"
    },
    {
        "name": "Sara Lee Delightful Multi-Grain Bread, 20 oz, Soft Multigrain Bread, Bag",
        "price": 4.48,
        "unit_price": 0.22400000000000003,
        "unit": "oz",
        "category": "carbs",
        "calories": 1600.0,
        "calories_per_dollar": 0,
        "aisle_number": "N/A",
        "availability": "N/A",
        "product_link": "https://www.walmart.com/ip/Sara-Lee-Delightful-Healthy-Multi-Grain-Sandwich-Bread-20-Oz-Loaf-of-Multigrain-Bread/10533914"
    },
    {
        "name": "Great Value Round Top Wheat Bread, 20 oz",
        "price": 1.2,
        "unit_price": 0.06,
        "unit": "oz",
        "category": "carbs",
        "calories": 1600.0,
        "calories_per_dollar": 0,
        "aisle_number": "N/A",
        "availability": "N/A",
        "product_link": "https://www.walmart.com/ip/Great-Value-Round-Top-Wheat-Bread-20-oz/177362818"
    },
    {
        "name": "Nature's Own WhiteWheat Healthy White Bread, Sliced White Bread Loaf, 20 oz, (Pack of 4)",
        "price": 20.5,
        "unit_price": 1.025,
        "unit": "oz",
        "category": "carbs",
        "calories": 1600.0,
        "calories_per_dollar": 0,
        "aisle_number": "N/A",
        "availability": "N/A",
        "product_link": "https://www.walmart.com/ip/Nature-s-Own-WhiteWheat-Healthy-White-Bread-Sliced-White-Bread-Loaf-20-oz-Pack-of-4/7573173801"
    },
    {
        "name": "Freshness Guaranteed White Sub Bakery Bread Rolls, 16 oz, 6 Count",
        "price": 3.48,
        "unit_price": 0.2175,
        "unit": "oz",
        "category": "carbs",
        "calories": 1280.0,
        "calories_per_dollar": 0,
        "aisle_number": "N/A",
        "availability": "N/A",
        "product_link": "https://www.walmart.com/ip/Freshness-Guaranteed-White-Sub-Bakery-Bread-Rolls-16-oz-6-Count/44391091"
    },
    {
        "name": "Seattle Sourdough Waterfront Sourdough Bread Loaf, 24 oz",
        "price": 4.84,
        "unit_price": 0.20166666666666666,
        "unit": "oz",
        "category": "carbs",
        "calories": 1920.0,
        "calories_per_dollar": 0,
        "aisle_number": "N/A",
        "availability": "N/A",
        "product_link": "https://www.walmart.com/ip/Seattle-Sourdough-Waterfront-Sourdough-Bread-Loaf-24-oz/244268473"
    },
    {
        "name": "Dave's Killer Bread 21 Whole Grains and Seeds Thin-Sliced Organic Bread Loaf, 20.5 oz",
        "price": 5.47,
        "unit_price": 0.26682926829268294,
        "unit": "oz",
        "category": "carbs",
        "calories": 1640.0,
        "calories_per_dollar": 0,
        "aisle_number": "N/A",
        "availability": "N/A",
        "product_link": "https://www.walmart.com/ip/Dave-s-Killer-Bread-21-Whole-Grains-and-Seeds-Thin-Sliced-Organic-Bread-Loaf-20-5-oz/170476642"
    },
    {
        "name": "Martin's Hoagie Rolls, 6 count",
        "price": 6.99,
        "unit_price": 1.165,
        "unit": "count",
        "category": "carbs",
        "calories": null,
        "calories_per_dollar": 0,
        "aisle_number": "N/A",
        "availability": "N/A",
        "product_link": "https://www.walmart.com/ip/Martin-s-Hoagie-Rolls-6-count/10321776"
    },
    {
        "name": "Dave's Killer Bread 21 Whole Grains and Seeds Organic Bread Loaf, 27 oz. (Pack of 2)",
        "price": 10.5,
        "unit_price": 0.3888888888888889,
        "unit": "oz",
        "category": "carbs",
        "calories": 2160.0,
        "calories_per_dollar": 0,
        "aisle_number": "N/A",
        "availability": "N/A",
        "product_link": "https://www.walmart.com/ip/Dave-s-Killer-Bread-21-Whole-Grains-and-Seeds-Organic-Bread-Loaf-27-oz-Pack-of-2/7572516716"
    },
    {
        "name": "St Pierre Brioche Pretzel Rolls, Shelf-Stable, Regular, 6 Count",
        "price": 4.89,
        "unit_price": 0.815,
        "unit": "count",
        "category": "carbs",
        "calories": null,
        "calories_per_dollar": 0,
        "aisle_number": "N/A",
        "availability": "N/A",
        "product_link": "https://www.walmart.com/ip/St-Pierre-Brioche-Pretzel-Rolls-Shelf-Stable-Regular-6-Count/1534953020"
    },
    {
        "name": "Maier's Premium Italian Bread, 20 oz, Soft White Italian Bread, Bag",
        "price": 6.32,
        "unit_price": 0.316,
        "unit": "oz",
        "category": "carbs",
        "calories": 1600.0,
        "calories_per_dollar": 0,
        "aisle_number": "N/A",
        "availability": "N/A",
        "product_link": "https://www.walmart.com/ip/Maier-s-Premium-Italian-Bread-Traditional-Thick-Sliced-Loaf-20-Ounce-Bag/10402929"
    },
    {
        "name": "Mrs Baird's Sandwich Bread, 24 oz, Soft White White Bread, Bag",
        "price": 13.6,
        "unit_price": 0.5666666666666667,
        "unit": "oz",
        "category": "carbs",
        "calories": 1920.0,
        "calories_per_dollar": 0,
        "aisle_number": "N/A",
        "availability": "N/A",
        "product_link": "https://www.walmart.com/ip/Mrs-Baird-s-Sandwich-White-Bread-A-Cholesterol-Free-Food-Pre-Sliced-Loaf-1-Pound-8-Ounces/10420443"
    },
    {
        "name": "Alfaros Artesano Original Flavor Bakery Bread, No Artificial Colors or Flavors, 1 Pound 4 Ounce Loaf",
        "price": 3.64,
        "unit_price": null,
        "unit": null,
        "category": "carbs",
        "calories": null,
        "calories_per_dollar": 0,
        "aisle_number": "N/A",
        "availability": "N/A",
        "product_link": "https://www.walmart.com/ip/Alfaro-s-Artesano-Original-Flavor-Bakery-Bread-No-Artificial-Colors-or-Flavors-1-Pound-4-Ounce-Loaf/124580796"
    },
    {
        "name": "Golden Star Thai Hom Mali Jasmine Rice, 5 lbs",
        "price": 6.84,
        "unit_price": 1.3679999999999999,
        "unit": "lb",
        "category": "carbs",
        "calories": 2960.0,
        "calories_per_dollar": 0,
        "aisle_number": "N/A",
        "availability": "N/A",
        "product_link": "https://www.walmart.com/ip/Golden-Star-Thai-Hom-Mali-Jasmine-Rice-5-lbs/10323751"
    },
    {
        "name": "Zatarain's No Artificial Flavors Gluten Free Family Size Jambalaya Rice Dinner Mix, 12 oz Box",
        "price": 2.64,
        "unit_price": 0.22,
        "unit": "oz",
        "category": "carbs",
        "calories": 444.0,
        "calories_per_dollar": 0,
        "aisle_number": "N/A",
        "availability": "N/A",
        "product_link": "https://www.walmart.com/ip/Zatarain-s-No-Artificial-Flavors-Gluten-Free-Family-Size-Jambalaya-Rice-Dinner-Mix-12-oz-Box/10452343"
    },
    {
        "name": "Ben's Original Ready Rice Spanish Style Flavored Rice, Easy Dinner Side, 8.8 Ounce Pouch",
        "price": 2.18,
        "unit_price": null,
        "unit": null,
        "category": "carbs",
        "calories": null,
        "calories_per_dollar": 0,
        "aisle_number": "N/A",
        "availability": "N/A",
        "product_link": "https://www.walmart.com/ip/Ben-s-Original-Ready-Rice-Spanish-Style-Flavored-Rice-Easy-Dinner-Side-8-8-Ounce-Pouch/440208788"
    },
    {
        "name": "Great Value Long Grain Enriched Rice, 32 oz",
        "price": 1.77,
        "unit_price": 0.0553125,
        "unit": "oz",
        "category": "carbs",
        "calories": 1184.0,
        "calories_per_dollar": 0,
        "aisle_number": "N/A",
        "availability": "N/A",
        "product_link": "https://www.walmart.com/ip/Great-Value-Long-Grain-Enriched-Rice-32-oz/10315394?athbdg=L1200"
    },
    {
        "name": "Great Value Long Grain Enriched Rice, 5 lbs",
        "price": 3.34,
        "unit_price": 0.6679999999999999,
        "unit": "lb",
        "category": "carbs",
        "calories": 2960.0,
        "calories_per_dollar": 0,
        "aisle_number": "N/A",
        "availability": "N/A",
        "product_link": "https://www.walmart.com/ip/Great-Value-Long-Grain-Enriched-Rice-5-lbs/10315395"
    },
    {
        "name": "Great Value Instant White Rice, 28 oz",
        "price": 2.62,
        "unit_price": 0.09357142857142857,
        "unit": "oz",
        "category": "carbs",
        "calories": 1036.0,
        "calories_per_dollar": 0,
        "aisle_number": "N/A",
        "availability": "N/A",
        "product_link": "https://www.walmart.com/ip/Great-Value-Instant-White-Rice-28-oz/10804528?athbdg=L1600"
    },
    {
        "name": "Bibigo Cooked Sticky White Rice, 22.21 oz",
        "price": 4.42,
        "unit_price": 0.19900945520036017,
        "unit": "oz",
        "category": "carbs",
        "calories": 821.77,
        "calories_per_dollar": 0,
        "aisle_number": "N/A",
        "availability": "N/A",
        "product_link": "https://www.walmart.com/ip/Bibigo-Cooked-Sticky-White-Rice-22-21-oz/5259918907"
    },
    {
        "name": "Great Value Long Grain Enriched Rice, 16 oz",
        "price": 0.92,
        "unit_price": 0.0575,
        "unit": "oz",
        "category": "carbs",
        "calories": 592.0,
        "calories_per_dollar": 0,
        "aisle_number": "N/A",
        "availability": "N/A",
        "product_link": "https://www.walmart.com/ip/Great-Value-Long-Grain-Enriched-Rice-16-oz/10315393?athbdg=L1600"
    },
    {
        "name": "5 LB GV JASMINE RICE",
        "price": 5.97,
        "unit_price": 1.194,
        "unit": "lb",
        "category": "carbs",
        "calories": 2960.0,
        "calories_per_dollar": 0,
        "aisle_number": "N/A",
        "availability": "N/A",
        "product_link": "https://www.walmart.com/ip/5-LB-GV-JASMINE-RICE/36874821?athbdg=L1600"
    },
    {
        "name": "Ben's Original Ready Whole Grain Brown Rice, Easy Dinner Side, 8.8 Ounce Pouch",
        "price": 2.18,
        "unit_price": null,
        "unit": null,
        "category": "carbs",
        "calories": null,
        "calories_per_dollar": 0,
        "aisle_number": "N/A",
        "availability": "N/A",
        "product_link": "https://www.walmart.com/ip/Ben-s-Original-Ready-Whole-Grain-Brown-Rice-Easy-Dinner-Side-8-8-Ounce-Pouch/874088030"
    },
    {
        "name": "Tasty Bite Organic Basmati Rice, Ready to Eat, Microwavable, Vegan, Gluten-Free, 8.8 oz",
        "price": 2.85,
        "unit_price": 0.32386363636363635,
        "unit": "oz",
        "category": "carbs",
        "calories": 325.6,
        "calories_per_dollar": 0,
        "aisle_number": "N/A",
        "availability": "N/A",
        "product_link": "https://www.walmart.com/ip/Tasty-Bite-Organic-Basmati-Rice-Ready-to-Eat-Microwavable-Vegan-Gluten-Free-8-8-oz/28924095"
    },
    {
        "name": "Minute Instant White Rice, Light and Fluffy, 14 oz",
        "price": 2.46,
        "unit_price": 0.1757142857142857,
        "unit": "oz",
        "category": "carbs",
        "calories": 518.0,
        "calories_per_dollar": 0,
        "aisle_number": "N/A",
        "availability": "N/A",
        "product_link": "https://www.walmart.com/ip/Minute-Instant-White-Rice-Light-and-Fluffy-14-oz/10848964"
    },
    {
        "name": "Success Boil-in-Bag Rice, Precooked Long Grain White Rice, 32 oz, 6 Count",
        "price": 4.48,
        "unit_price": 0.14,
        "unit": "oz",
        "category": "carbs",
        "calories": 1184.0,
        "calories_per_dollar": 0,
        "aisle_number": "N/A",
        "availability": "N/A",
        "product_link": "https://www.walmart.com/ip/Success-Boil-in-Bag-Rice-Precooked-Long-Grain-White-Rice-32-oz-6-Count/10290889"
    },
    {
        "name": "Minute Instant White Rice, Light and Fluffy, 42 oz",
        "price": 5.88,
        "unit_price": 0.13999999999999999,
        "unit": "oz",
        "category": "carbs",
        "calories": 1554.0,
        "calories_per_dollar": 0,
        "aisle_number": "N/A",
        "availability": "N/A",
        "product_link": "https://www.walmart.com/ip/Minute-Instant-White-Rice-Light-and-Fluffy-42-oz/10848966"
    },
    {
        "name": "Great Value Long Grain Enriched Rice, 20 lb",
        "price": 11.14,
        "unit_price": 0.557,
        "unit": "lb",
        "category": "carbs",
        "calories": 11840.0,
        "calories_per_dollar": 0,
        "aisle_number": "N/A",
        "availability": "N/A",
        "product_link": "https://www.walmart.com/ip/Great-Value-Long-Grain-Enriched-Rice-20-lb/10315883"
    },
    {
        "name": "Knorr No Artificial Flavors Chicken Flavor Rice Cooks in 7 Minutes, 5.6 oz Regular Pouch",
        "price": 1.28,
        "unit_price": 0.2285714285714286,
        "unit": "oz",
        "category": "carbs",
        "calories": 207.2,
        "calories_per_dollar": 0,
        "aisle_number": "N/A",
        "availability": "N/A",
        "product_link": "https://www.walmart.com/ip/Knorr-No-Artificial-Flavors-Chicken-Rice-Cooks-in-7-Minutes-5-6-oz/10307844"
    },
    {
        "name": "Success Boil-in-Bag Rice, Precooked White Rice, 14 oz, 4 Bags",
        "price": 2.48,
        "unit_price": 0.17714285714285713,
        "unit": "oz",
        "category": "carbs",
        "calories": 518.0,
        "calories_per_dollar": 0,
        "aisle_number": "N/A",
        "availability": "N/A",
        "product_link": "https://www.walmart.com/ip/Success-Boil-in-Bag-Rice-Precooked-White-Rice-14-oz-4-Bags/10290887"
    },
    {
        "name": "Mahatma Jasmine Thai Fragrant Long Grain Rice, 32 oz (2 LB) 907g",
        "price": 3.58,
        "unit_price": 0.111875,
        "unit": "oz",
        "category": "carbs",
        "calories": 1184.0,
        "calories_per_dollar": 0,
        "aisle_number": "N/A",
        "availability": "N/A",
        "product_link": "https://www.walmart.com/ip/Mahatma-Jasmine-White-Rice-Thai-Fragrant-Long-Grain-Rice-2-lb-Bag/10848962"
    },
    {
        "name": "Ben's Original\u2122 Ready Rice\u2122, Coconut Jasmine, 8.5 oz. pouch",
        "price": 2.18,
        "unit_price": 0.2564705882352941,
        "unit": "oz",
        "category": "carbs",
        "calories": 314.5,
        "calories_per_dollar": 0,
        "aisle_number": "N/A",
        "availability": "N/A",
        "product_link": "https://www.walmart.com/ip/Ben-s-Original-Ready-Rice-Coconut-Jasmine-Flavored-Rice-Easy-Dinner-Side-8-5-Ounce-Pouch/167854833"
    },
    {
        "name": "Golden Star Thai Hom Mali Jasmine Rice, 20 lbs",
        "price": 20.27,
        "unit_price": 1.0135,
        "unit": "lb",
        "category": "carbs",
        "calories": 11840.0,
        "calories_per_dollar": 0,
        "aisle_number": "N/A",
        "availability": "N/A",
        "product_link": "https://www.walmart.com/ip/Golden-Star-Thai-Hom-Mali-Jasmine-Rice-20-lbs/46535122"
    },
    {
        "name": "Mahatma Enriched White Rice, Extra Long Grain Rice, 5 lb Bag",
        "price": 4.98,
        "unit_price": 0.9960000000000001,
        "unit": "lb",
        "category": "carbs",
        "calories": 2960.0,
        "calories_per_dollar": 0,
        "aisle_number": "N/A",
        "availability": "N/A",
        "product_link": "https://www.walmart.com/ip/Mahatma-Enriched-White-Rice-Extra-Long-Grain-Rice-5-lb-Bag/15754607"
    },
    {
        "name": "Minnesota Grown Wild Rice - Bulk - 5 pounds | 100% All Natural",
        "price": 54.45,
        "unit_price": null,
        "unit": null,
        "category": "carbs",
        "calories": null,
        "calories_per_dollar": 0,
        "aisle_number": "N/A",
        "availability": "N/A",
        "product_link": "https://www.walmart.com/ip/Minnesota-Grown-Wild-Rice-Bulk-5-pounds-100-All-Natural/7526765596"
    },
    {
        "name": "Minute White Rice, Microwaveable Rice Cups, 4.4 oz, 2 Count",
        "price": 1.96,
        "unit_price": 0.44545454545454544,
        "unit": "oz",
        "category": "carbs",
        "calories": 162.8,
        "calories_per_dollar": 0,
        "aisle_number": "N/A",
        "availability": "N/A",
        "product_link": "https://www.walmart.com/ip/Minute-White-Rice-Microwaveable-Rice-Cups-4-4-oz-2-Count/10848970"
    },
    {
        "name": "Great Value Jasmine Rice, 2 lb",
        "price": 3.12,
        "unit_price": 1.56,
        "unit": "lb",
        "category": "carbs",
        "calories": 1184.0,
        "calories_per_dollar": 0,
        "aisle_number": "N/A",
        "availability": "N/A",
        "product_link": "https://www.walmart.com/ip/Great-Value-Jasmine-Rice-2-lb/36874820"
    },
    {
        "name": "Mahatma, Jasmine Thai Fragrant Long Grain, Rice, 80 OZ (5 LB) 2.27kg",
        "price": 6.98,
        "unit_price": 0.08725000000000001,
        "unit": "oz",
        "category": "carbs",
        "calories": 2960.0,
        "calories_per_dollar": 0,
        "aisle_number": "N/A",
        "availability": "N/A",
        "product_link": "https://www.walmart.com/ip/Mahatma-Jasmine-White-Rice-Thai-Fragrant-Long-Grain-Rice-5-lb-Bag/14940616"
    },
    {
        "name": "Mahatma Enriched White Rice, Extra Long Grain Rice, 2 lb Bag",
        "price": 2.68,
        "unit_price": 1.34,
        "unit": "lb",
        "category": "carbs",
        "calories": 1184.0,
        "calories_per_dollar": 0,
        "aisle_number": "N/A",
        "availability": "N/A",
        "product_link": "https://www.walmart.com/ip/Mahatma-Enriched-White-Rice-Extra-Long-Grain-Rice-2-lb-Bag/14940615"
    },
    {
        "name": "Great Value Long Grain Parboiled Enriched Rice, 32 oz",
        "price": 1.64,
        "unit_price": 0.05125,
        "unit": "oz",
        "category": "carbs",
        "calories": 1184.0,
        "calories_per_dollar": 0,
        "aisle_number": "N/A",
        "availability": "N/A",
        "product_link": "https://www.walmart.com/ip/Great-Value-Long-Grain-Parboiled-Enriched-Rice-32-oz/10315357"
    },
    {
        "name": "Minnesota Grown Wild Rice - Bulk - 5 pounds | 100% All Natural",
        "price": 54.45,
        "unit_price": null,
        "unit": null,
        "category": "carbs",
        "calories": null,
        "calories_per_dollar": 0,
        "aisle_number": "N/A",
        "availability": "N/A",
        "product_link": "https://www.walmart.com/ip/Minnesota-Grown-Wild-Rice-Bulk-5-pounds-100-All-Natural/7542811967"
    },
    {
        "name": "Ben's Original Ready Rice, Creamy Four Cheese Easy Dinner Side, 8.5 Ounce Pouch",
        "price": 2.18,
        "unit_price": null,
        "unit": null,
        "category": "carbs",
        "calories": null,
        "calories_per_dollar": 0,
        "aisle_number": "N/A",
        "availability": "N/A",
        "product_link": "https://www.walmart.com/ip/Ben-s-Original-Ready-Rice-Creamy-Four-Cheese-Easy-Dinner-Side-8-5-Ounce-Pouch/907700585"
    },
    {
        "name": "Ben's Original Butter and Garlic Flavored Ready Rice, Easy Dinner Side, 8.8 Ounce Pouch",
        "price": 2.18,
        "unit_price": null,
        "unit": null,
        "category": "carbs",
        "calories": null,
        "calories_per_dollar": 0,
        "aisle_number": "N/A",
        "availability": "N/A",
        "product_link": "https://www.walmart.com/ip/Ben-s-Original-Butter-and-Garlic-Flavored-Ready-Rice-Easy-Dinner-Side-8-8-Ounce-Pouch/971795893"
    },
    {
        "name": "Golden Star Thai Hom Mali Jasmine Rice, 5 lbs",
        "price": 6.84,
        "unit_price": 1.3679999999999999,
        "unit": "lb",
        "category": "carbs",
        "calories": 2960.0,
        "calories_per_dollar": 0,
        "aisle_number": "N/A",
        "availability": "N/A",
        "product_link": "https://www.walmart.com/ip/Golden-Star-Thai-Hom-Mali-Jasmine-Rice-5-lbs/10323751"
    },
    {
        "name": "Minute Ready-to-Serve Jasmine Rice, Microwaveable Rice Cups, 4.4 oz, 2 Ct",
        "price": 1.96,
        "unit_price": 0.44545454545454544,
        "unit": "oz",
        "category": "carbs",
        "calories": 162.8,
        "calories_per_dollar": 0,
        "aisle_number": "N/A",
        "availability": "N/A",
        "product_link": "https://www.walmart.com/ip/Minute-Ready-to-Serve-Jasmine-Rice-Microwaveable-Rice-Cups-4-4-oz-2-Ct/35210436"
    },
    {
        "name": "Minnesota Grown Wild Rice - Bulk - 5 pounds | 100% All Natural",
        "price": 54.45,
        "unit_price": null,
        "unit": null,
        "category": "carbs",
        "calories": null,
        "calories_per_dollar": 0,
        "aisle_number": "N/A",
        "availability": "N/A",
        "product_link": "https://www.walmart.com/ip/Minnesota-Grown-Wild-Rice-Bulk-5-pounds-100-All-Natural/7559552216"
    },
    {
        "name": "Ben's Original Ready Rice Jasmine Rice, Easy Dinner Side, 8.5 Ounce Pouch",
        "price": 2.18,
        "unit_price": null,
        "unit": null,
        "category": "carbs",
        "calories": null,
        "calories_per_dollar": 0,
        "aisle_number": "N/A",
        "availability": "N/A",
        "product_link": "https://www.walmart.com/ip/Ben-s-Original-Ready-Rice-Jasmine-Rice-Easy-Dinner-Side-8-5-Ounce-Pouch/131735446"
    },
    {
        "name": "Minute Instant White Rice, Light and Fluffy, 28 oz",
        "price": 4.22,
        "unit_price": 0.15071428571428572,
        "unit": "oz",
        "category": "carbs",
        "calories": 1036.0,
        "calories_per_dollar": 0,
        "aisle_number": "N/A",
        "availability": "N/A",
        "product_link": "https://www.walmart.com/ip/Minute-Instant-White-Rice-Light-and-Fluffy-28-oz/10848965"
    },
    {
        "name": "Sun Luck Sun, Niko Niko  Luck Rice, 5 lb",
        "price": 10.36,
        "unit_price": 2.072,
        "unit": "lb",
        "category": "carbs",
        "calories": 2960.0,
        "calories_per_dollar": 0,
        "aisle_number": "N/A",
        "availability": "N/A",
        "product_link": "https://www.walmart.com/ip/Sun-Luck-Sun-Niko-Niko-Luck-Rice-5-lb/28924265"
    },
    {
        "name": "Zatarain's No Artificial Flavors Gluten Free Family Size Jambalaya Rice Dinner Mix, 12 oz Box",
        "price": 2.64,
        "unit_price": 0.22,
        "unit": "oz",
        "category": "carbs",
        "calories": 444.0,
        "calories_per_dollar": 0,
        "aisle_number": "N/A",
        "availability": "N/A",
        "product_link": "https://www.walmart.com/ip/Zatarain-s-No-Artificial-Flavors-Gluten-Free-Family-Size-Jambalaya-Rice-Dinner-Mix-12-oz-Box/10452343"
    },
    {
        "name": "Success Boil-in-Bag Rice, Aromatic Jasmine Rice, 14 oz, 4 Bags",
        "price": 2.48,
        "unit_price": 0.17714285714285713,
        "unit": "oz",
        "category": "carbs",
        "calories": 518.0,
        "calories_per_dollar": 0,
        "aisle_number": "N/A",
        "availability": "N/A",
        "product_link": "https://www.walmart.com/ip/Success-Boil-in-Bag-Rice-Aromatic-Jasmine-Rice-14-oz-4-Bags/10848951"
    },
    {
        "name": "Knorr No Artificial Flavors Chicken Fried Rice Cooks in 7 Minutes, 5.7 oz Regular Pouch",
        "price": 1.28,
        "unit_price": 0.22456140350877193,
        "unit": "oz",
        "category": "carbs",
        "calories": 210.9,
        "calories_per_dollar": 0,
        "aisle_number": "N/A",
        "availability": "N/A",
        "product_link": "https://www.walmart.com/ip/Knorr-No-Artificial-Flavors-Chicken-Fried-Rice-Cooks-in-7-Minutes-5-7-oz/10307849"
    },
    {
        "name": "Minute Brown Rice, Microwaveable Rice Cups, 4.4 oz, 2 Count",
        "price": 1.96,
        "unit_price": 0.44545454545454544,
        "unit": "oz",
        "category": "carbs",
        "calories": 162.8,
        "calories_per_dollar": 0,
        "aisle_number": "N/A",
        "availability": "N/A",
        "product_link": "https://www.walmart.com/ip/Minute-Brown-Rice-Microwaveable-Rice-Cups-4-4-oz-2-Count/10848971"
    },
    {
        "name": "Zatarain's No Artificial Flavors Gluten Free Family Size Dirty Rice Mix, 12 oz Box",
        "price": 2.64,
        "unit_price": 0.22,
        "unit": "oz",
        "category": "carbs",
        "calories": 444.0,
        "calories_per_dollar": 0,
        "aisle_number": "N/A",
        "availability": "N/A",
        "product_link": "https://www.walmart.com/ip/Zatarain-s-No-Artificial-Flavors-Gluten-Free-Family-Size-Dirty-Rice-Mix-12-oz-Box/10452344"
    },
    {
        "name": "Minute Ready-to-Serve Jasmine Rice and Red Quinoa, Microwaveable Rice and Quinoa Cups, 4.4 oz, 2 Ct",
        "price": 4.97,
        "unit_price": 1.1295454545454544,
        "unit": "oz",
        "category": "carbs",
        "calories": 162.8,
        "calories_per_dollar": 0,
        "aisle_number": "N/A",
        "availability": "N/A",
        "product_link": "https://www.walmart.com/ip/Minute-Ready-to-Serve-Jasmine-Rice-and-Red-Quinoa-Microwaveable-Rice-and-Quinoa-Cups-4-4-oz-2-Ct/398731440"
    },
    {
        "name": "Adolphus Enriched Long Grain White Rice, Gluten Free, 2 lb Bag",
        "price": 8.99,
        "unit_price": 4.495,
        "unit": "lb",
        "category": "carbs",
        "calories": 1184.0,
        "calories_per_dollar": 0,
        "aisle_number": "N/A",
        "availability": "N/A",
        "product_link": "https://www.walmart.com/ip/Adolphus-Enriched-Long-Grain-White-Rice-Gluten-Free-2-lb-Bag/10294663"
    },
    {
        "name": "Rico Medium Grain Rice, 5 lbs Panamerican Grain",
        "price": 15.21,
        "unit_price": 3.0420000000000003,
        "unit": "lb",
        "category": "carbs",
        "calories": 2960.0,
        "calories_per_dollar": 0,
        "aisle_number": "N/A",
        "availability": "N/A",
        "product_link": "https://www.walmart.com/ip/Rico-Medium-Grain-Rice-5-lbs-Panamerican-Grain/10451261"
    },
    {
        "name": "Supreme Rice Aromatic Louisiana White Jasmine",
        "price": 2.16,
        "unit_price": null,
        "unit": null,
        "category": "carbs",
        "calories": null,
        "calories_per_dollar": 0,
        "aisle_number": "N/A",
        "availability": "N/A",
        "product_link": "https://www.walmart.com/ip/Supreme-Rice-Aromatic-Louisiana-White-Jasmine/173604712"
    },
    {
        "name": "Hi Hinode Clrs  Rice",
        "price": 12.98,
        "unit_price": null,
        "unit": null,
        "category": "carbs",
        "calories": null,
        "calories_per_dollar": 0,
        "aisle_number": "N/A",
        "availability": "N/A",
        "product_link": "https://www.walmart.com/ip/Hi-Hinode-Clrs-Rice/11964978"
    },
    {
        "name": "Ramen Express Chicken Flavor Ramen Noodles, Vegan, Halal, Kosher, 3 oz Pouch, Pack of 12",
        "price": 3.28,
        "unit_price": 1.0933333333333333,
        "unit": "oz",
        "category": "carbs",
        "calories": 165.0,
        "calories_per_dollar": 0,
        "aisle_number": "N/A",
        "availability": "N/A",
        "product_link": "https://www.walmart.com/ip/Ramen-Express-Chicken-Flavor-Ramen-Noodles-Vegan-Halal-Kosher-3-oz-Pouch-Pack-of-12/394717279"
    },
    {
        "name": "Annie Chun's Japanese Style Yakisoba Noodle Bowl, 7.9 oz",
        "price": 2.98,
        "unit_price": 0.3772151898734177,
        "unit": "oz",
        "category": "carbs",
        "calories": null,
        "calories_per_dollar": 0,
        "aisle_number": "N/A",
        "availability": "N/A",
        "product_link": "https://www.walmart.com/ip/Annie-Chun-s-Japanese-Style-Yakisoba-Noodle-Bowl-7-9-oz/955180313"
    },
    {
        "name": "Maruchan Ramen Noodle Chicken Flavor Soup, 3 Oz, 12 Count Shelf Stable Package",
        "price": 3.68,
        "unit_price": 1.2266666666666668,
        "unit": "oz",
        "category": "carbs",
        "calories": 165.0,
        "calories_per_dollar": 0,
        "aisle_number": "N/A",
        "availability": "N/A",
        "product_link": "https://www.walmart.com/ip/Maruchan-Ramen-Noodle-Chicken-Flavor-Soup-3-Oz-12-Count-Shelf-Stable-Package/10450904?athbdg=L1200"
    },
    {
        "name": "Maruchan Ramen Noodle Beef Flavor Soup, 3 oz Shelf Stable Package, 12 Count",
        "price": 3.68,
        "unit_price": 1.2266666666666668,
        "unit": "oz",
        "category": "carbs",
        "calories": 240.0,
        "calories_per_dollar": 0,
        "aisle_number": "N/A",
        "availability": "N/A",
        "product_link": "https://www.walmart.com/ip/Maruchan-Ramen-Noodle-Beef-Flavor-Soup-3-oz-Shelf-Stable-Package-12-Count/15570903"
    },
    {
        "name": "Great Value Wide Egg Noodles Enriched Product, 16 oz",
        "price": 1.48,
        "unit_price": 0.0925,
        "unit": "oz",
        "category": "carbs",
        "calories": null,
        "calories_per_dollar": 0,
        "aisle_number": "N/A",
        "availability": "N/A",
        "product_link": "https://www.walmart.com/ip/Great-Value-Wide-Egg-Noodles-Enriched-Product-16-oz/10534093?athbdg=L1600"
    },
    {
        "name": "Great Value Penne Pasta, 16 oz Box, (Shelf Stable)",
        "price": 0.98,
        "unit_price": 0.06125,
        "unit": "oz",
        "category": "carbs",
        "calories": 1696.0,
        "calories_per_dollar": 0,
        "aisle_number": "N/A",
        "availability": "N/A",
        "product_link": "https://www.walmart.com/ip/Great-Value-Penne-Pasta-16-oz-Box-Shelf-Stable/10534084?athbdg=L1600"
    },
    {
        "name": "Great Value Rotini, 16 oz Box, (Shelf Stable)",
        "price": 0.98,
        "unit_price": 0.06125,
        "unit": "oz",
        "category": "carbs",
        "calories": null,
        "calories_per_dollar": 0,
        "aisle_number": "N/A",
        "availability": "N/A",
        "product_link": "https://www.walmart.com/ip/Great-Value-Rotini-16-oz-Box-Shelf-Stable/10534080?athbdg=L1600"
    },
    {
        "name": "Hamburger Helper Pasta Cheeseburger Macaroni Value Size, 10.6 Ounces Box.",
        "price": 2.48,
        "unit_price": null,
        "unit": null,
        "category": "carbs",
        "calories": null,
        "calories_per_dollar": 0,
        "aisle_number": "N/A",
        "availability": "N/A",
        "product_link": "https://www.walmart.com/ip/Hamburger-Helper-Pasta-Cheeseburger-Macaroni-Value-Size-10-6-Ounces-Box/5159482487"
    },
    {
        "name": "Great Value Spaghetti 16oz",
        "price": 0.98,
        "unit_price": 0.06125,
        "unit": "oz",
        "category": "carbs",
        "calories": null,
        "calories_per_dollar": 0,
        "aisle_number": "N/A",
        "availability": "N/A",
        "product_link": "https://www.walmart.com/ip/Great-Value-Spaghetti-16oz/10534115?athbdg=L1600"
    },
    {
        "name": "Maruchan Ramen Instant Lunch Variety, 12 Count, 6 Flavors with Chopsticks",
        "price": 39.99,
        "unit_price": 3.3325,
        "unit": "count",
        "category": "carbs",
        "calories": null,
        "calories_per_dollar": 0,
        "aisle_number": "N/A",
        "availability": "N/A",
        "product_link": "https://www.walmart.com/ip/Maruchan-Ramen-Instant-Lunch-Variety-12-Count-6-Flavors-with-Chopsticks/7310917975"
    },
    {
        "name": "Samyang Spicy Chicken Noodle Carbonara Flavor Ramen, 4.58 oz, 5 Pack",
        "price": 6.88,
        "unit_price": 1.502183406113537,
        "unit": "oz",
        "category": "carbs",
        "calories": 251.9,
        "calories_per_dollar": 0,
        "aisle_number": "N/A",
        "availability": "N/A",
        "product_link": "https://www.walmart.com/ip/Samyang-Spicy-Chicken-Noodle-Carbonara-Flavor-Ramen-4-58-oz-5-Pack/893267125"
    },
    {
        "name": "Great Value Bowties 12 oz Box",
        "price": 0.98,
        "unit_price": 0.08166666666666667,
        "unit": "oz",
        "category": "carbs",
        "calories": null,
        "calories_per_dollar": 0,
        "aisle_number": "N/A",
        "availability": "N/A",
        "product_link": "https://www.walmart.com/ip/Great-Value-Bowties-12-oz-Box/10534079"
    },
    {
        "name": "Nissin Teriyaki Beef Flavor Chow Mein Noodles, 4 oz",
        "price": 1.46,
        "unit_price": 0.365,
        "unit": "oz",
        "category": "carbs",
        "calories": 320.0,
        "calories_per_dollar": 0,
        "aisle_number": "N/A",
        "availability": "N/A",
        "product_link": "https://www.walmart.com/ip/Nissin-Teriyaki-Beef-Flavor-Chow-Mein-Noodles-4-oz/10320937"
    },
    {
        "name": "Maruchan Ramen Noodle Soup Chicken Flavor, 3 oz Shelf Stable Package",
        "price": 0.3,
        "unit_price": 0.09999999999999999,
        "unit": "oz",
        "category": "carbs",
        "calories": 165.0,
        "calories_per_dollar": 0,
        "aisle_number": "N/A",
        "availability": "N/A",
        "product_link": "https://www.walmart.com/ip/Maruchan-Ramen-Noodle-Soup-Chicken-Flavor-3-oz-Shelf-Stable-Package/15754233"
    },
    {
        "name": "Hamburger Helper Pasta Cheeseburger Macaroni, 6.6 Ounces Box",
        "price": 1.48,
        "unit_price": null,
        "unit": null,
        "category": "carbs",
        "calories": null,
        "calories_per_dollar": 0,
        "aisle_number": "N/A",
        "availability": "N/A",
        "product_link": "https://www.walmart.com/ip/Hamburger-Helper-Pasta-Cheeseburger-Macaroni-6-6-Ounces-Box/5078997439"
    },
    {
        "name": "Maruchan Instant Lunch Hot &amp; Spicy Chicken Ramen Noodle Soup, 2.25 oz Shelf Stable Cup",
        "price": 0.21,
        "unit_price": 0.09333333333333332,
        "unit": "oz",
        "category": "carbs",
        "calories": 123.75,
        "calories_per_dollar": 0,
        "aisle_number": "N/A",
        "availability": "N/A",
        "product_link": "https://www.walmart.com/ip/Maruchan-Instant-Lunch-Hot-Spicy-Chicken-Ramen-Noodle-Soup-2-25-oz-Shelf-Stable-Cup/10450899"
    },
    {
        "name": "Maruchan Ramen Noodle Creamy Chicken Flavor Soup, 3 oz Shelf Stable Package",
        "price": 0.48,
        "unit_price": 0.16,
        "unit": "oz",
        "category": "carbs",
        "calories": 165.0,
        "calories_per_dollar": 0,
        "aisle_number": "N/A",
        "availability": "N/A",
        "product_link": "https://www.walmart.com/ip/Maruchan-Ramen-Noodle-Creamy-Chicken-Flavor-Soup-3-oz-Shelf-Stable-Package/10448075"
    },
    {
        "name": "Great Value Spaghetti, 32 oz",
        "price": 1.92,
        "unit_price": 0.06,
        "unit": "oz",
        "category": "carbs",
        "calories": null,
        "calories_per_dollar": 0,
        "aisle_number": "N/A",
        "availability": "N/A",
        "product_link": "https://www.walmart.com/ip/Great-Value-Spaghetti-32-oz/10534105"
    },
    {
        "name": "Maruchan Ramen Noodle Beef Flavor Soup, 3 oz Shelf Stable Package",
        "price": 0.3,
        "unit_price": 0.09999999999999999,
        "unit": "oz",
        "category": "carbs",
        "calories": 240.0,
        "calories_per_dollar": 0,
        "aisle_number": "N/A",
        "availability": "N/A",
        "product_link": "https://www.walmart.com/ip/Maruchan-Ramen-Noodle-Beef-Flavor-Soup-3-oz-Shelf-Stable-Package/15570901"
    },
    {
        "name": "Maruchan Ramen Noodle Soup Chili Flavor, 3 oz Shelf Stable Package",
        "price": 0.5,
        "unit_price": 0.16666666666666666,
        "unit": "oz",
        "category": "carbs",
        "calories": null,
        "calories_per_dollar": 0,
        "aisle_number": "N/A",
        "availability": "N/A",
        "product_link": "https://www.walmart.com/ip/Maruchan-Ramen-Noodle-Soup-Chili-Flavor-3-oz-Shelf-Stable-Package/22086240"
    },
    {
        "name": "Nissin Top Ramen The Original Beef Flavor Ramen Noodle Soup, 3 oz, 12 count",
        "price": 3.58,
        "unit_price": 1.1933333333333334,
        "unit": "oz",
        "category": "carbs",
        "calories": 240.0,
        "calories_per_dollar": 0,
        "aisle_number": "N/A",
        "availability": "N/A",
        "product_link": "https://www.walmart.com/ip/Nissin-Top-Ramen-The-Original-Beef-Flavor-Ramen-Noodle-Soup-3-oz-12-count/46330085"
    },
    {
        "name": "Nissin Top Ramen Chicken Flavor Ramen Noodle Soup 12-3 oz. Packs",
        "price": 3.58,
        "unit_price": 1.1933333333333334,
        "unit": "oz",
        "category": "carbs",
        "calories": 165.0,
        "calories_per_dollar": 0,
        "aisle_number": "N/A",
        "availability": "N/A",
        "product_link": "https://www.walmart.com/ip/Nissin-Top-Ramen-Chicken-Flavor-Ramen-Noodle-Soup-12-3-oz-Packs/46330084"
    },
    {
        "name": "Great Value Shells, 16 oz Box, (Shelf Stable)",
        "price": 0.98,
        "unit_price": 0.06125,
        "unit": "oz",
        "category": "carbs",
        "calories": null,
        "calories_per_dollar": 0,
        "aisle_number": "N/A",
        "availability": "N/A",
        "product_link": "https://www.walmart.com/ip/Great-Value-Shells-16-oz-Box-Shelf-Stable/10534077"
    },
    {
        "name": "Dreamfields Elbows Pasta, Vegan with 5g Fiber, 13.25 oz, (Shelf Stable)",
        "price": 2.27,
        "unit_price": 0.454,
        "unit": "g",
        "category": "carbs",
        "calories": 18.69488536155203,
        "calories_per_dollar": 0,
        "aisle_number": "N/A",
        "availability": "N/A",
        "product_link": "https://www.walmart.com/ip/Dreamfields-Elbows-Pasta-Vegan-with-5g-Fiber-13-25-oz-Shelf-Stable/136801851"
    },
    {
        "name": "Annie Chun's Vietnamese Style Pho Soup Bowl, 5.9 oz",
        "price": 2.98,
        "unit_price": 0.5050847457627118,
        "unit": "oz",
        "category": "carbs",
        "calories": null,
        "calories_per_dollar": 0,
        "aisle_number": "N/A",
        "availability": "N/A",
        "product_link": "https://www.walmart.com/ip/Annie-Chun-s-Vietnamese-Style-Pho-Soup-Bowl-5-9-oz/31003434"
    },
    {
        "name": "Nissin Original Premium Teriyaki Chicken Flavor Chow Mein Noodles, 4 oz",
        "price": 1.46,
        "unit_price": 0.365,
        "unit": "oz",
        "category": "carbs",
        "calories": 220.0,
        "calories_per_dollar": 0,
        "aisle_number": "N/A",
        "availability": "N/A",
        "product_link": "https://www.walmart.com/ip/Nissin-Teriyaki-Chicken-Flavor-Chow-Mein-Noodles-4-oz/15723955"
    },
    {
        "name": "Hot &amp; Spicy Bowl Chicken",
        "price": 1.46,
        "unit_price": null,
        "unit": null,
        "category": "carbs",
        "calories": null,
        "calories_per_dollar": 0,
        "aisle_number": "N/A",
        "availability": "N/A",
        "product_link": "https://www.walmart.com/ip/Nissin-Hot-Spicy-Chicken-Flavor-Ramen-Noodle-Soup-3-32-oz/12444037"
    },
    {
        "name": "Great Value Medium Egg Noodles, 16 oz",
        "price": 1.48,
        "unit_price": 0.0925,
        "unit": "oz",
        "category": "carbs",
        "calories": null,
        "calories_per_dollar": 0,
        "aisle_number": "N/A",
        "availability": "N/A",
        "product_link": "https://www.walmart.com/ip/Great-Value-Medium-Egg-Noodles-16-oz/10534091"
    },
    {
        "name": "Great Value Thin Spaghetti, 1 lb",
        "price": 0.98,
        "unit_price": 0.98,
        "unit": "lb",
        "category": "carbs",
        "calories": null,
        "calories_per_dollar": 0,
        "aisle_number": "N/A",
        "availability": "N/A",
        "product_link": "https://www.walmart.com/ip/Great-Value-Thin-Spaghetti-1-lb/10534113"
    },
    {
        "name": "Nissin 2.25 oz Family Pack Chicken Flavor Noodles, Pack of 6",
        "price": 2.98,
        "unit_price": 1.3244444444444445,
        "unit": "oz",
        "category": "carbs",
        "calories": 123.75,
        "calories_per_dollar": 0,
        "aisle_number": "N/A",
        "availability": "N/A",
        "product_link": "https://www.walmart.com/ip/Nissin-2-25-oz-Family-Pack-Chicken-Flavor-Noodles-Pack-of-6/153372951"
    },
    {
        "name": "Maruchan Instant Lunch Beef Flavor Noodle Soup, 2.25 oz Shelf Stable Cup",
        "price": 0.52,
        "unit_price": 0.23111111111111113,
        "unit": "oz",
        "category": "carbs",
        "calories": 180.0,
        "calories_per_dollar": 0,
        "aisle_number": "N/A",
        "availability": "N/A",
        "product_link": "https://www.walmart.com/ip/Maruchan-Instant-Lunch-Beef-Flavor-Noodle-Soup-2-25-oz-Shelf-Stable-Cup/10450894"
    },
    {
        "name": "Great Value, Rigatoni, 16 oz Box, (Shelf Stable)",
        "price": 0.98,
        "unit_price": 0.06125,
        "unit": "oz",
        "category": "carbs",
        "calories": null,
        "calories_per_dollar": 0,
        "aisle_number": "N/A",
        "availability": "N/A",
        "product_link": "https://www.walmart.com/ip/Great-Value-Rigatoni-16-oz-Box-Shelf-Stable/10534078"
    },
    {
        "name": "Great Value Elbows, 48 oz",
        "price": 2.72,
        "unit_price": 0.05666666666666667,
        "unit": "oz",
        "category": "carbs",
        "calories": null,
        "calories_per_dollar": 0,
        "aisle_number": "N/A",
        "availability": "N/A",
        "product_link": "https://www.walmart.com/ip/Great-Value-Elbows-48-oz/10534106"
    },
    {
        "name": "Maruchan Instant Hot &amp; Spicy Beef Ramen Soup, 2.25 oz Shelf Stable Cup",
        "price": 0.4,
        "unit_price": 0.17777777777777778,
        "unit": "oz",
        "category": "carbs",
        "calories": 180.0,
        "calories_per_dollar": 0,
        "aisle_number": "N/A",
        "availability": "N/A",
        "product_link": "https://www.walmart.com/ip/Maruchan-Instant-Hot-Spicy-Beef-Ramen-Soup-2-25-oz-Shelf-Stable-Cup/10450898"
    },
    {
        "name": "Samyang Spicy Hot Chicken Flavor Instant Ramen, 4.94 oz, 5 pack",
        "price": 6.88,
        "unit_price": 1.3927125506072873,
        "unit": "oz",
        "category": "carbs",
        "calories": 271.70000000000005,
        "calories_per_dollar": 0,
        "aisle_number": "N/A",
        "availability": "N/A",
        "product_link": "https://www.walmart.com/ip/Samyang-Spicy-Hot-Chicken-Flavor-Instant-Ramen-4-94-oz-5-pack/234865077"
    },
    {
        "name": "Mueller's Pot-Sized Sodium-Free, Cholesterol-Free Spaghetti Pasta, 16 oz (Shelf-Stable)",
        "price": 8.88,
        "unit_price": 0.555,
        "unit": "oz",
        "category": "carbs",
        "calories": 1696.0,
        "calories_per_dollar": 0,
        "aisle_number": "N/A",
        "availability": "N/A",
        "product_link": "https://www.walmart.com/ip/Mueller-s-Pot-Sized-Sodium-Free-Cholesterol-Free-Spaghetti-Pasta-16-oz-Shelf-Stable/35486462"
    },
    {
        "name": "Maruchan Shrimp Flavor Ramen Noodle Soup, 3 oz, 12 Count Shelf Stable Packages",
        "price": 1.0,
        "unit_price": 0.3333333333333333,
        "unit": "oz",
        "category": "carbs",
        "calories": null,
        "calories_per_dollar": 0,
        "aisle_number": "N/A",
        "availability": "N/A",
        "product_link": "https://www.walmart.com/ip/Maruchan-Shrimp-Flavor-Ramen-Noodle-Soup-3-oz-12-Count-Shelf-Stable-Packages/49543487"
    },
    {
        "name": "Mueller's Sodium-Free, Cholesterol-Free Angel Hair Capellini Pasta, 16 oz (Shelf-Stable)",
        "price": 6.55,
        "unit_price": 0.409375,
        "unit": "oz",
        "category": "carbs",
        "calories": 1696.0,
        "calories_per_dollar": 0,
        "aisle_number": "N/A",
        "availability": "N/A",
        "product_link": "https://www.walmart.com/ip/Mueller-s-Sodium-Free-Cholesterol-Free-Angel-Hair-Capellini-Pasta-16-oz-Shelf-Stable/10312400"
    },
    {
        "name": "Maruchan Ramen Noodle Soup Picante Chicken Flavor, 3 oz Shelf Stable Package",
        "price": 0.7,
        "unit_price": 0.2333333333333333,
        "unit": "oz",
        "category": "carbs",
        "calories": 165.0,
        "calories_per_dollar": 0,
        "aisle_number": "N/A",
        "availability": "N/A",
        "product_link": "https://www.walmart.com/ip/Maruchan-Ramen-Noodle-Soup-Picante-Chicken-Flavor-3-oz-Shelf-Stable-Package/10448076"
    },
    {
        "name": "Maruchan Yakisoba Teriyaki Beef Flavor Noodles, 4 oz. Packaged Soups",
        "price": 0.77,
        "unit_price": 0.1925,
        "unit": "oz",
        "category": "carbs",
        "calories": 320.0,
        "calories_per_dollar": 0,
        "aisle_number": "N/A",
        "availability": "N/A",
        "product_link": "https://www.walmart.com/ip/Maruchan-Yakisoba-Teriyaki-Beef-Noodles-4-oz/10450909"
    },
    {
        "name": "Maruchan Instant Lunch Chicken (Pack of 6)",
        "price": 8.9,
        "unit_price": null,
        "unit": null,
        "category": "carbs",
        "calories": null,
        "calories_per_dollar": 0,
        "aisle_number": "N/A",
        "availability": "N/A",
        "product_link": "https://www.walmart.com/ip/Maruchan-Instant-Lunch-Chicken-2-25-oz-Shelf-Stable-Cup-Pack-of-6/10450896"
    },
    {
        "name": "Freshness Guaranteed Fresh Chicken Drumsticks, 5 lb Bag",
        "price": 4.94,
        "unit_price": 0.9880000000000001,
        "unit": "lb",
        "category": "protein",
        "calories": 4400.0,
        "calories_per_dollar": 0,
        "aisle_number": "N/A",
        "availability": "N/A",
        "product_link": "https://www.walmart.com/ip/Freshness-Guaranteed-Fresh-Chicken-Drumsticks-5-lb-Bag/613823324?athbdg=L1600"
    },
    {
        "name": "All Natural* 80% Lean/20% Fat Ground Beef Chuck, 1 lb Tray",
        "price": 6.93,
        "unit_price": 6.93,
        "unit": "lb",
        "category": "protein",
        "calories": 1280.0,
        "calories_per_dollar": 0,
        "aisle_number": "N/A",
        "availability": "N/A",
        "product_link": "https://www.walmart.com/ip/All-Natural-80-Lean-20-Fat-Ground-Beef-Chuck-1-lb-Tray/479601462?athbdg=L1600"
    },
    {
        "name": "Beef Lean Stew Meat, 1.0 - 1.5 lb Tray",
        "price": 10.6,
        "unit_price": 7.066666666666666,
        "unit": "lb",
        "category": "protein",
        "calories": 1920.0,
        "calories_per_dollar": 0,
        "aisle_number": "N/A",
        "availability": "N/A",
        "product_link": "https://www.walmart.com/ip/Beef-Lean-Stew-Meat-1-0-1-5-lb-Tray/39944478?athbdg=L1600"
    },
    {
        "name": "Freshness Guaranteed Chicken Breast Tenderloins, 2.25 - 3.2 lb Tray",
        "price": 9.93,
        "unit_price": 3.103125,
        "unit": "lb",
        "category": "protein",
        "calories": 2816.0,
        "calories_per_dollar": 0,
        "aisle_number": "N/A",
        "availability": "N/A",
        "product_link": "https://www.walmart.com/ip/Freshness-Guaranteed-Chicken-Breast-Tenderloins-2-25-3-2-lb-Tray/617765768"
    },
    {
        "name": "Beef Bottom Round Steak Thin, 0.34 - 2.0 lb Tray",
        "price": 8.4,
        "unit_price": 4.2,
        "unit": "lb",
        "category": "protein",
        "calories": 2560.0,
        "calories_per_dollar": 0,
        "aisle_number": "N/A",
        "availability": "N/A",
        "product_link": "https://www.walmart.com/ip/Beef-Bottom-Round-Steak-Thin-0-34-2-0-lb-Tray/150293351"
    },
    {
        "name": "Boneless, Skinless Chicken Breasts, 4.7-6.1 lb Tray",
        "price": 12.18,
        "unit_price": 1.9967213114754099,
        "unit": "lb",
        "category": "protein",
        "calories": 5368.0,
        "calories_per_dollar": 0,
        "aisle_number": "N/A",
        "availability": "N/A",
        "product_link": "https://www.walmart.com/ip/Boneless-Skinless-Chicken-Breasts-4-7-6-1-lb-Tray/27935840"
    },
    {
        "name": "Marketside Mild Ground Italian Sausage, Pork, 1lb (Fresh)",
        "price": 3.57,
        "unit_price": 3.57,
        "unit": "lb",
        "category": "protein",
        "calories": null,
        "calories_per_dollar": 0,
        "aisle_number": "N/A",
        "availability": "N/A",
        "product_link": "https://www.walmart.com/ip/Marketside-Mild-Ground-Italian-Sausage-Pork-1lb-Fresh/40711369"
    },
    {
        "name": "Great Value Frozen Peeled Tail on Extra Large Shrimp, 12 oz (26-30 Count per lb)",
        "price": 5.68,
        "unit_price": 0.47333333333333333,
        "unit": "oz",
        "category": "protein",
        "calories": null,
        "calories_per_dollar": 0,
        "aisle_number": "N/A",
        "availability": "N/A",
        "product_link": "https://www.walmart.com/ip/Great-Value-Frozen-Peeled-Tail-on-Extra-Large-Shrimp-12-oz-26-30-Count-per-lb/44391099"
    },
    {
        "name": "Smithfield Fresh Pork Tenderloin 2 Count, 1.4 - 3.4 lb",
        "price": 8.23,
        "unit_price": 4.115,
        "unit": "count",
        "category": "protein",
        "calories": null,
        "calories_per_dollar": 0,
        "aisle_number": "N/A",
        "availability": "N/A",
        "product_link": "https://www.walmart.com/ip/Smithfield-Fresh-Pork-Tenderloin-2-Count-1-4-3-4-lb/895966481"
    },
    {
        "name": "Great Value Frozen Raw Small Peeled &amp; Deveined, Tail-off Shrimp, 12 oz (60-80 Count per lb)",
        "price": 5.0,
        "unit_price": 0.4166666666666667,
        "unit": "oz",
        "category": "protein",
        "calories": null,
        "calories_per_dollar": 0,
        "aisle_number": "N/A",
        "availability": "N/A",
        "product_link": "https://www.walmart.com/ip/Great-Value-Frozen-Raw-Small-Peeled-Deveined-Tail-off-Shrimp-12-oz-60-80-Count-per-lb/44391062"
    },
    {
        "name": "Foster Farms Fresh &amp; Natural Cage Free Chicken Thighs",
        "price": 3.57,
        "unit_price": null,
        "unit": null,
        "category": "protein",
        "calories": null,
        "calories_per_dollar": 0,
        "aisle_number": "N/A",
        "availability": "N/A",
        "product_link": "https://www.walmart.com/ip/Foster-Farms-Fresh-Natural-Bone-in-Chicken-Thighs-19g-Protein-per-4-oz-Serving-1-6-2-4-lb-Tray/105052815"
    },
    {
        "name": "Great Value All Natural Chicken Wing Sections, 4 lb (Frozen)",
        "price": 12.98,
        "unit_price": 3.245,
        "unit": "lb",
        "category": "protein",
        "calories": 3520.0,
        "calories_per_dollar": 0,
        "aisle_number": "N/A",
        "availability": "N/A",
        "product_link": "https://www.walmart.com/ip/Great-Value-All-Natural-Chicken-Wing-Sections-4-lb-Frozen/36618723"
    },
    {
        "name": "Beef Short Ribs Bone-In, 1.1 - 2.1 lb Tray",
        "price": 15.01,
        "unit_price": 7.147619047619047,
        "unit": "lb",
        "category": "protein",
        "calories": 2688.0,
        "calories_per_dollar": 0,
        "aisle_number": "N/A",
        "availability": "N/A",
        "product_link": "https://www.walmart.com/ip/Beef-Short-Ribs-Bone-In-1-1-2-1-lb-Tray/55434785"
    },
    {
        "name": "Pork Butt Country Style Ribs, 2.5 - 4.0 lb Tray",
        "price": 14.42,
        "unit_price": 3.605,
        "unit": "lb",
        "category": "protein",
        "calories": null,
        "calories_per_dollar": 0,
        "aisle_number": "N/A",
        "availability": "N/A",
        "product_link": "https://www.walmart.com/ip/Pork-Butt-Country-Style-Ribs-2-5-4-0-lb-Tray/51259132"
    },
    {
        "name": "Beef Choice Top Sirloin Steak, Family Pack",
        "price": 14.93,
        "unit_price": null,
        "unit": null,
        "category": "protein",
        "calories": null,
        "calories_per_dollar": 0,
        "aisle_number": "N/A",
        "availability": "N/A",
        "product_link": "https://www.walmart.com/ip/Beef-Choice-Top-Sirloin-Steak-Family-Pack/5010664322"
    },
    {
        "name": "Beef Stew Meat, 0.68 - 1.31 lb Tray",
        "price": 9.98,
        "unit_price": 7.6183206106870225,
        "unit": "lb",
        "category": "protein",
        "calories": 1676.8000000000002,
        "calories_per_dollar": 0,
        "aisle_number": "N/A",
        "availability": "N/A",
        "product_link": "https://www.walmart.com/ip/Beef-Stew-Meat-0-68-1-31-lb-Tray/102105567"
    },
    {
        "name": "Pork Center Cut Loin Chops Bone-in Family Pack, 3.0 - 3.5 lb Tray",
        "price": 13.32,
        "unit_price": 3.8057142857142856,
        "unit": "lb",
        "category": "protein",
        "calories": null,
        "calories_per_dollar": 0,
        "aisle_number": "N/A",
        "availability": "N/A",
        "product_link": "https://www.walmart.com/ip/Pork-Center-Cut-Loin-Chops-Bone-in-Family-Pack-3-0-3-5-lb-Tray/51259100"
    },
    {
        "name": "Great Value All Natural Boneless Skinless Chicken Thighs, 3 lb (Frozen)",
        "price": 8.47,
        "unit_price": 2.8233333333333337,
        "unit": "lb",
        "category": "protein",
        "calories": 2640.0,
        "calories_per_dollar": 0,
        "aisle_number": "N/A",
        "availability": "N/A",
        "product_link": "https://www.walmart.com/ip/Great-Value-All-Natural-Boneless-Skinless-Chicken-Thighs-3-lb-Frozen/51259017"
    },
    {
        "name": "Chicken Paws, 1.1 - 1.75 lb Tray",
        "price": 2.71,
        "unit_price": 1.5485714285714285,
        "unit": "lb",
        "category": "protein",
        "calories": 1540.0,
        "calories_per_dollar": 0,
        "aisle_number": "N/A",
        "availability": "N/A",
        "product_link": "https://www.walmart.com/ip/Chicken-Paws-1-1-1-75-lb-Tray/19400246"
    },
    {
        "name": "Beef Chuck Roast, 2.0 - 2.70 lb Tray",
        "price": 17.03,
        "unit_price": 6.307407407407408,
        "unit": "lb",
        "category": "protein",
        "calories": 3456.0,
        "calories_per_dollar": 0,
        "aisle_number": "N/A",
        "availability": "N/A",
        "product_link": "https://www.walmart.com/ip/Beef-Chuck-Roast-2-0-2-70-lb-Tray/55446514"
    },
    {
        "name": "Marketside Cheddar Bratwurst, 5 Links, 1 lb 3 oz (Fresh)",
        "price": 3.93,
        "unit_price": 3.93,
        "unit": "lb",
        "category": "protein",
        "calories": null,
        "calories_per_dollar": 0,
        "aisle_number": "N/A",
        "availability": "N/A",
        "product_link": "https://www.walmart.com/ip/Marketside-Cheddar-Bratwurst-5-Links-1-lb-3-oz-Fresh/5113233441"
    },
    {
        "name": "Great Value All Natural Chicken Breast Tenderloins, 3 lb (Frozen)",
        "price": 10.64,
        "unit_price": 3.546666666666667,
        "unit": "lb",
        "category": "protein",
        "calories": 2640.0,
        "calories_per_dollar": 0,
        "aisle_number": "N/A",
        "availability": "N/A",
        "product_link": "https://www.walmart.com/ip/Great-Value-All-Natural-Chicken-Breast-Tenderloins-3-lb-Frozen/51259070"
    },
    {
        "name": "Boneless Skinless Chicken Thighs Family Pack, 4.7 - 6 lb Tray",
        "price": 13.59,
        "unit_price": 2.265,
        "unit": "lb",
        "category": "protein",
        "calories": 5280.0,
        "calories_per_dollar": 0,
        "aisle_number": "N/A",
        "availability": "N/A",
        "product_link": "https://www.walmart.com/ip/Boneless-Skinless-Chicken-Thighs-Family-Pack-4-7-6-lb-Tray/124782654"
    },
    {
        "name": "Beef Stew Meat Family Pack, 2.15 - 3.0 lb Tray",
        "price": 16.83,
        "unit_price": 5.609999999999999,
        "unit": "lb",
        "category": "protein",
        "calories": 3840.0,
        "calories_per_dollar": 0,
        "aisle_number": "N/A",
        "availability": "N/A",
        "product_link": "https://www.walmart.com/ip/Beef-Stew-Meat-Family-Pack-2-15-3-0-lb-Tray/39944484"
    },
    {
        "name": "Marketside, Sweet Ground Italian Sausage, Pork, 1lb (Fresh)",
        "price": 3.57,
        "unit_price": 3.57,
        "unit": "lb",
        "category": "protein",
        "calories": null,
        "calories_per_dollar": 0,
        "aisle_number": "N/A",
        "availability": "N/A",
        "product_link": "https://www.walmart.com/ip/Marketside-Sweet-Ground-Italian-Sausage-Pork-1lb-Fresh/167738614"
    },
    {
        "name": "Foster Farms Fresh &amp; Natural Cage Free Breast Tenders",
        "price": 6.58,
        "unit_price": null,
        "unit": null,
        "category": "protein",
        "calories": null,
        "calories_per_dollar": 0,
        "aisle_number": "N/A",
        "availability": "N/A",
        "product_link": "https://www.walmart.com/ip/Foster-Farms-Fresh-Boneless-Skinless-Chicken-Breast-Tenders-25g-Protein-per-4-oz-1-2-lb-Tray/111234171"
    },
    {
        "name": "All Natural* 80% Lean/20% Fat Ground Beef Chuck, 1 lb Roll",
        "price": 6.43,
        "unit_price": 6.43,
        "unit": "lb",
        "category": "protein",
        "calories": 1280.0,
        "calories_per_dollar": 0,
        "aisle_number": "N/A",
        "availability": "N/A",
        "product_link": "https://www.walmart.com/ip/All-Natural-80-Lean-20-Fat-Ground-Beef-Chuck-1-lb-Roll/15136791"
    },
    {
        "name": "Butterball Sweet Onion Frozen Turkey Burgers, 6 1/3 lb. Patties, 2 lb. Package",
        "price": 9.64,
        "unit_price": 3.2133333333333334,
        "unit": "lb",
        "category": "protein",
        "calories": 1392.0,
        "calories_per_dollar": 0,
        "aisle_number": "N/A",
        "availability": "N/A",
        "product_link": "https://www.walmart.com/ip/Butterball-Sweet-Onion-Frozen-Turkey-Burgers-6-1-3-lb-Patties-2-lb-Package/22583003"
    },
    {
        "name": "Great Value All Natural Chicken Wing Flats, 3 lb (Frozen)",
        "price": 14.74,
        "unit_price": 4.913333333333333,
        "unit": "lb",
        "category": "protein",
        "calories": 2640.0,
        "calories_per_dollar": 0,
        "aisle_number": "N/A",
        "availability": "N/A",
        "product_link": "https://www.walmart.com/ip/Great-Value-All-Natural-Chicken-Wing-Flats-3-lb-Frozen/2310767348"
    },
    {
        "name": "Roxy, Organic, Free Range, Fresh Boneless Skinless Chicken Thighs, 1-2.5 lbs. Tray",
        "price": 8.96,
        "unit_price": 3.5840000000000005,
        "unit": "lb",
        "category": "protein",
        "calories": 2200.0,
        "calories_per_dollar": 0,
        "aisle_number": "N/A",
        "availability": "N/A",
        "product_link": "https://www.walmart.com/ip/Roxy-Organic-Free-Range-Fresh-Boneless-Skinless-Chicken-Thighs-1-2-5-lbs-Tray/838745659"
    },
    {
        "name": "Gallo Salame Deli Thin Sliced Italian Dry Salami Deli Lunch Meat, 7 oz",
        "price": 4.73,
        "unit_price": 0.6757142857142858,
        "unit": "oz",
        "category": "protein",
        "calories": null,
        "calories_per_dollar": 0,
        "aisle_number": "N/A",
        "availability": "N/A",
        "product_link": "https://www.walmart.com/ip/Gallo-Salame-Deli-Thin-Sliced-Italian-Dry-Salami-Deli-Lunch-Meat-7-oz/47525772"
    },
    {
        "name": "Gallo Salame Deli Thin Sliced Italian Dry Salami Deli Lunch Meat, 15.2 oz",
        "price": 7.57,
        "unit_price": 0.4980263157894737,
        "unit": "oz",
        "category": "protein",
        "calories": null,
        "calories_per_dollar": 0,
        "aisle_number": "N/A",
        "availability": "N/A",
        "product_link": "https://www.walmart.com/ip/Gallo-Salame-Deli-Thin-Sliced-Italian-Dry-Salami-Deli-Lunch-Meat-15-2-oz/10534645"
    },
    {
        "name": "Butterball Gluten-Free Oven Roasted Turkey Breast, Deli-Sliced",
        "price": 6.97,
        "unit_price": null,
        "unit": null,
        "category": "protein",
        "calories": null,
        "calories_per_dollar": 0,
        "aisle_number": "N/A",
        "availability": "N/A",
        "product_link": "https://www.walmart.com/ip/Butterball-Gluten-Free-Oven-Roasted-Turkey-Breast-Deli-Sliced/22406025?athbdg=L1200"
    },
    {
        "name": "Sara Lee Premium Meats Gluten Free Honey Ham, Deli Sliced",
        "price": 8.47,
        "unit_price": null,
        "unit": null,
        "category": "protein",
        "calories": null,
        "calories_per_dollar": 0,
        "aisle_number": "N/A",
        "availability": "N/A",
        "product_link": "https://www.walmart.com/ip/Sara-Lee-Premium-Meats-Gluten-Free-Honey-Ham-Deli-Sliced/10448624?athbdg=L1600"
    },
    {
        "name": "Prima Della Black Forest Ham, Pre-Sliced",
        "price": 4.39,
        "unit_price": null,
        "unit": null,
        "category": "protein",
        "calories": null,
        "calories_per_dollar": 0,
        "aisle_number": "N/A",
        "availability": "N/A",
        "product_link": "https://www.walmart.com/ip/Prima-Della-Black-Forest-Ham-Pre-Sliced/752563998?athbdg=L1600"
    },
    {
        "name": "Land O' Frost Premium, Oven Roasted Chicken Breast Sliced Deli  Meat, 1 lb, Resealable Plastic Pouch",
        "price": 5.83,
        "unit_price": 5.83,
        "unit": "lb",
        "category": "protein",
        "calories": 880.0,
        "calories_per_dollar": 0,
        "aisle_number": "N/A",
        "availability": "N/A",
        "product_link": "https://www.walmart.com/ip/Land-O-Frost-Premium-Oven-Roasted-Chicken-Breast-Sliced-Deli-Meat-1-lb-Resealable-Plastic-Pouch/10307896?athbdg=L1600"
    },
    {
        "name": "Prima Della Garlic &amp; Herb Chicken Breast, Deli Sliced",
        "price": 9.87,
        "unit_price": null,
        "unit": null,
        "category": "protein",
        "calories": null,
        "calories_per_dollar": 0,
        "aisle_number": "N/A",
        "availability": "N/A",
        "product_link": "https://www.walmart.com/ip/Prima-Della-Garlic-Herb-Chicken-Breast-Deli-Sliced/33977659"
    },
    {
        "name": "Oscar Mayer Deli Fresh Smoked Sliced Turkey Breast Deli Lunch Meat, 9 oz Package",
        "price": 4.48,
        "unit_price": 0.4977777777777778,
        "unit": "oz",
        "category": "protein",
        "calories": 261.0,
        "calories_per_dollar": 0,
        "aisle_number": "N/A",
        "availability": "N/A",
        "product_link": "https://www.walmart.com/ip/Oscar-Mayer-Deli-Fresh-Smoked-Sliced-Turkey-Breast-Deli-Lunch-Meat-9-oz-Package/10292750"
    },
    {
        "name": "Prima Della Cajun Turkey Breast, Deli Sliced",
        "price": 10.72,
        "unit_price": null,
        "unit": null,
        "category": "protein",
        "calories": null,
        "calories_per_dollar": 0,
        "aisle_number": "N/A",
        "availability": "N/A",
        "product_link": "https://www.walmart.com/ip/Prima-Della-Cajun-Turkey-Breast-Deli-Sliced/121391168"
    },
    {
        "name": "Land O' Frost Premium, Hickory Smoked Turkey Breast, Deli Lunch Meat, Resealable Plastic Pouch,1 lb",
        "price": 5.83,
        "unit_price": 5.83,
        "unit": "lb",
        "category": "protein",
        "calories": 464.0,
        "calories_per_dollar": 0,
        "aisle_number": "N/A",
        "availability": "N/A",
        "product_link": "https://www.walmart.com/ip/Land-O-Frost-Premium-Hickory-Smoked-Turkey-Breast-Deli-Lunch-Meat-Resealable-Plastic-Pouch-1-lb/10307898"
    },
    {
        "name": "Sara Lee Premium Meats Gluten Free Honey Roasted Turkey Breast, Deli Sliced",
        "price": 9.94,
        "unit_price": null,
        "unit": null,
        "category": "protein",
        "calories": null,
        "calories_per_dollar": 0,
        "aisle_number": "N/A",
        "availability": "N/A",
        "product_link": "https://www.walmart.com/ip/Sara-Lee-Premium-Meats-Gluten-Free-Honey-Roasted-Turkey-Breast-Deli-Sliced/16940591"
    },
    {
        "name": "Land O' Frost Premium Hardwood Smoked Honey Ham, Deli Style Lunch Meat,  Resealable Plastic Pouch, 16 oz., 1 lb",
        "price": 5.83,
        "unit_price": 0.364375,
        "unit": "oz",
        "category": "protein",
        "calories": 736.0,
        "calories_per_dollar": 0,
        "aisle_number": "N/A",
        "availability": "N/A",
        "product_link": "https://www.walmart.com/ip/Land-O-Frost-Premium-Hardwood-Smoked-Honey-Ham-Deli-Style-Lunch-Meat-Resealable-Plastic-Pouch-16-oz-1-lb/10307895?athbdg=L1600"
    },
    {
        "name": "Hillshire Farm Ultra Thin Oven Roasted Turkey Breast, 9 oz",
        "price": 4.54,
        "unit_price": 0.5044444444444445,
        "unit": "oz",
        "category": "protein",
        "calories": 261.0,
        "calories_per_dollar": 0,
        "aisle_number": "N/A",
        "availability": "N/A",
        "product_link": "https://www.walmart.com/ip/Hillshire-Farm-Sliced-Oven-Roasted-Turkey-Breast-Deli-Lunch-Meat-9-oz/10402754"
    },
    {
        "name": "Prima Della Hard Salami, Pre-Sliced",
        "price": 4.39,
        "unit_price": null,
        "unit": null,
        "category": "protein",
        "calories": null,
        "calories_per_dollar": 0,
        "aisle_number": "N/A",
        "availability": "N/A",
        "product_link": "https://www.walmart.com/ip/Prima-Della-Hard-Salami-Pre-Sliced/482926313"
    },
    {
        "name": "Prima Della Medium Roast Beef, Pre-Sliced",
        "price": 5.36,
        "unit_price": null,
        "unit": null,
        "category": "protein",
        "calories": null,
        "calories_per_dollar": 0,
        "aisle_number": "N/A",
        "availability": "N/A",
        "product_link": "https://www.walmart.com/ip/Prima-Della-Medium-Roast-Beef-Pre-Sliced/154954681"
    },
    {
        "name": "Hillshire Farm Ultra Thin Honey Ham, 9 oz",
        "price": 4.54,
        "unit_price": 0.5044444444444445,
        "unit": "oz",
        "category": "protein",
        "calories": 414.0,
        "calories_per_dollar": 0,
        "aisle_number": "N/A",
        "availability": "N/A",
        "product_link": "https://www.walmart.com/ip/Hillshire-Farm-Sliced-Honey-Ham-Deli-Lunch-Meat-9-oz/10402752"
    },
    {
        "name": "Oscar Mayer Deli Fresh Rotisserie Seasoned Sliced Chicken Breast Deli Lunch Meat, 16 Oz Package",
        "price": 6.98,
        "unit_price": 0.43625,
        "unit": "oz",
        "category": "protein",
        "calories": 880.0,
        "calories_per_dollar": 0,
        "aisle_number": "N/A",
        "availability": "N/A",
        "product_link": "https://www.walmart.com/ip/Oscar-Mayer-Deli-Fresh-Rotisserie-Seasoned-Sliced-Chicken-Breast-Deli-Lunch-Meat-16-Oz-Package/15240745"
    },
    {
        "name": "Land O' Frost Premium, Oven Roasted Chicken Breast Sliced Deli  Meat, 1 lb, Resealable Plastic Pouch",
        "price": 5.83,
        "unit_price": 5.83,
        "unit": "lb",
        "category": "protein",
        "calories": 880.0,
        "calories_per_dollar": 0,
        "aisle_number": "N/A",
        "availability": "N/A",
        "product_link": "https://www.walmart.com/ip/Land-O-Frost-Premium-Oven-Roasted-Chicken-Breast-Sliced-Deli-Meat-1-lb-Resealable-Plastic-Pouch/10307896?athbdg=L1600"
    },
    {
        "name": "Prima Della Brand Black Forest Ham, Deli Sliced",
        "price": 8.77,
        "unit_price": null,
        "unit": null,
        "category": "protein",
        "calories": null,
        "calories_per_dollar": 0,
        "aisle_number": "N/A",
        "availability": "N/A",
        "product_link": "https://www.walmart.com/ip/Prima-Della-Brand-Black-Forest-Ham-Deli-Sliced/21576047"
    },
    {
        "name": "Oscar Mayer Sub Kit with Extra Lean Smoked Ham &amp; Extra Lean Smoked Turkey Breast Sliced Deli Lunch Meat, 28 Oz Package",
        "price": 9.87,
        "unit_price": 0.3525,
        "unit": "oz",
        "category": "protein",
        "calories": 1288.0,
        "calories_per_dollar": 0,
        "aisle_number": "N/A",
        "availability": "N/A",
        "product_link": "https://www.walmart.com/ip/Oscar-Mayer-Sub-Kit-with-Extra-Lean-Smoked-Ham-Extra-Lean-Smoked-Turkey-Breast-Sliced-Deli-Lunch-Meat-28-Oz-Package/14122468"
    },
    {
        "name": "Gallo Salame Deli Thin Sliced Italian Dry Salami Deli Lunch Meat, 7 oz",
        "price": 4.73,
        "unit_price": 0.6757142857142858,
        "unit": "oz",
        "category": "protein",
        "calories": null,
        "calories_per_dollar": 0,
        "aisle_number": "N/A",
        "availability": "N/A",
        "product_link": "https://www.walmart.com/ip/Gallo-Salame-Deli-Thin-Sliced-Italian-Dry-Salami-Deli-Lunch-Meat-7-oz/47525772"
    },
    {
        "name": "Prima Della Buffalo Style Chicken Breast, Deli Sliced Plastic Pack",
        "price": 9.87,
        "unit_price": null,
        "unit": null,
        "category": "protein",
        "calories": null,
        "calories_per_dollar": 0,
        "aisle_number": "N/A",
        "availability": "N/A",
        "product_link": "https://www.walmart.com/ip/Prima-Della-Buffalo-Style-Chicken-Breast-Deli-Sliced-Plastic-Pack/21063145"
    },
    {
        "name": "Prima Della Fully Cooked off-the-Bone Ham, Deli Sliced",
        "price": 8.77,
        "unit_price": null,
        "unit": null,
        "category": "protein",
        "calories": null,
        "calories_per_dollar": 0,
        "aisle_number": "N/A",
        "availability": "N/A",
        "product_link": "https://www.walmart.com/ip/Prima-Della-Fully-Cooked-off-the-Bone-Ham-Deli-Sliced/122585297"
    },
    {
        "name": "Prima Della Medium Rare Roast Beef, Deli Sliced",
        "price": 10.72,
        "unit_price": null,
        "unit": null,
        "category": "protein",
        "calories": null,
        "calories_per_dollar": 0,
        "aisle_number": "N/A",
        "availability": "N/A",
        "product_link": "https://www.walmart.com/ip/Prima-Della-Medium-Rare-Roast-Beef-Deli-Sliced/136701169"
    },
    {
        "name": "Oscar Mayer Deli Fresh Smoked Sliced Turkey Breast Deli Lunch Meat, 9 oz Package",
        "price": 4.48,
        "unit_price": 0.4977777777777778,
        "unit": "oz",
        "category": "protein",
        "calories": 261.0,
        "calories_per_dollar": 0,
        "aisle_number": "N/A",
        "availability": "N/A",
        "product_link": "https://www.walmart.com/ip/Oscar-Mayer-Deli-Fresh-Smoked-Sliced-Turkey-Breast-Deli-Lunch-Meat-9-oz-Package/10292750"
    },
    {
        "name": "Land O' Frost Premium, Hickory Smoked Turkey Breast, Deli Lunch Meat, Resealable Plastic Pouch,1 lb",
        "price": 5.83,
        "unit_price": 5.83,
        "unit": "lb",
        "category": "protein",
        "calories": 464.0,
        "calories_per_dollar": 0,
        "aisle_number": "N/A",
        "availability": "N/A",
        "product_link": "https://www.walmart.com/ip/Land-O-Frost-Premium-Hickory-Smoked-Turkey-Breast-Deli-Lunch-Meat-Resealable-Plastic-Pouch-1-lb/10307898"
    },
    {
        "name": "Prima Della Hard Salami, Deli Sliced",
        "price": 8.77,
        "unit_price": null,
        "unit": null,
        "category": "protein",
        "calories": null,
        "calories_per_dollar": 0,
        "aisle_number": "N/A",
        "availability": "N/A",
        "product_link": "https://www.walmart.com/ip/Prima-Della-Hard-Salami-Deli-Sliced/14940796"
    },
    {
        "name": "Land O' Frost Premium Beef Roast Meat, Deli Meat, 10 oz, Thinly Sliced, Resealable Plastic Pouch",
        "price": 5.83,
        "unit_price": 0.583,
        "unit": "oz",
        "category": "protein",
        "calories": 800.0,
        "calories_per_dollar": 0,
        "aisle_number": "N/A",
        "availability": "N/A",
        "product_link": "https://www.walmart.com/ip/Land-O-Frost-Premium-Beef-Roast-Meat-Deli-Meat-10-oz-Thinly-Sliced-Resealable-Plastic-Pouch/15543985"
    },
    {
        "name": "Oscar Mayer Deli Fresh Rotisserie Seasoned Sliced Chicken Breast Deli Lunch Meat, 16 Oz Package",
        "price": 6.98,
        "unit_price": 0.43625,
        "unit": "oz",
        "category": "protein",
        "calories": 880.0,
        "calories_per_dollar": 0,
        "aisle_number": "N/A",
        "availability": "N/A",
        "product_link": "https://www.walmart.com/ip/Oscar-Mayer-Deli-Fresh-Rotisserie-Seasoned-Sliced-Chicken-Breast-Deli-Lunch-Meat-16-Oz-Package/15240745"
    },
    {
        "name": "Prima Della Rare Roast Beef, Deli Sliced",
        "price": 10.72,
        "unit_price": null,
        "unit": null,
        "category": "protein",
        "calories": null,
        "calories_per_dollar": 0,
        "aisle_number": "N/A",
        "availability": "N/A",
        "product_link": "https://www.walmart.com/ip/Prima-Della-Rare-Roast-Beef-Deli-Sliced/13448877"
    },
    {
        "name": "Hillshire Farm Ultra Thin Sliced Honey Roasted Turkey Breast Deli Lunch Meat, 16 oz",
        "price": 6.78,
        "unit_price": 0.42375,
        "unit": "oz",
        "category": "protein",
        "calories": 464.0,
        "calories_per_dollar": 0,
        "aisle_number": "N/A",
        "availability": "N/A",
        "product_link": "https://www.walmart.com/ip/Hillshire-Farm-Ultra-Thin-Sliced-Honey-Roasted-Turkey-Breast-Deli-Lunch-Meat-16-oz/22153315"
    },
    {
        "name": "Prima Della Honey Ham Presliced",
        "price": 4.39,
        "unit_price": null,
        "unit": null,
        "category": "protein",
        "calories": null,
        "calories_per_dollar": 0,
        "aisle_number": "N/A",
        "availability": "N/A",
        "product_link": "https://www.walmart.com/ip/Prima-Della-Honey-Ham-Presliced/771728833"
    },
    {
        "name": "Prima Della Oven Roasted Chicken Breast, Deli Sliced",
        "price": 9.87,
        "unit_price": null,
        "unit": null,
        "category": "protein",
        "calories": null,
        "calories_per_dollar": 0,
        "aisle_number": "N/A",
        "availability": "N/A",
        "product_link": "https://www.walmart.com/ip/Prima-Della-Oven-Roasted-Chicken-Breast-Deli-Sliced/423266889"
    },
    {
        "name": "Land O' Frost Premium Pork, Smoked Ham, Deli Lunch Meat, 1 lb, Resealable Plastic Pouch",
        "price": 5.83,
        "unit_price": 5.83,
        "unit": "lb",
        "category": "protein",
        "calories": 736.0,
        "calories_per_dollar": 0,
        "aisle_number": "N/A",
        "availability": "N/A",
        "product_link": "https://www.walmart.com/ip/Land-O-Frost-Premium-Pork-Smoked-Ham-Deli-Lunch-Meat-1-lb-Resealable-Plastic-Pouch/10307893"
    },
    {
        "name": "Prima Della Beef Pastrami, Deli Sliced",
        "price": 10.72,
        "unit_price": null,
        "unit": null,
        "category": "protein",
        "calories": null,
        "calories_per_dollar": 0,
        "aisle_number": "N/A",
        "availability": "N/A",
        "product_link": "https://www.walmart.com/ip/Prima-Della-Beef-Pastrami-Deli-Sliced/147771205"
    },
    {
        "name": "Oscar Mayer Cotto Salami Deli Lunch Meat, 16 oz Package",
        "price": 2.87,
        "unit_price": 0.179375,
        "unit": "oz",
        "category": "protein",
        "calories": null,
        "calories_per_dollar": 0,
        "aisle_number": "N/A",
        "availability": "N/A",
        "product_link": "https://www.walmart.com/ip/Oscar-Mayer-Cotto-Salami-Deli-Lunch-Meat-16-oz-Package/10292598"
    },
    {
        "name": "Hillshire Farm Ultra Thin Black Forest Ham, 9 oz",
        "price": 4.54,
        "unit_price": 0.5044444444444445,
        "unit": "oz",
        "category": "protein",
        "calories": 414.0,
        "calories_per_dollar": 0,
        "aisle_number": "N/A",
        "availability": "N/A",
        "product_link": "https://www.walmart.com/ip/Hillshire-Farm-Sliced-Black-Forest-Ham-Deli-Lunch-Meat-9-oz/26832120"
    },
    {
        "name": "Hillshire Farm Ultra Thin Oven Roasted Turkey Breast, 16 oz",
        "price": 6.78,
        "unit_price": 0.42375,
        "unit": "oz",
        "category": "protein",
        "calories": 464.0,
        "calories_per_dollar": 0,
        "aisle_number": "N/A",
        "availability": "N/A",
        "product_link": "https://www.walmart.com/ip/Hillshire-Farm-Sliced-Oven-Roasted-Turkey-Breast-Deli-Lunch-Meat-Family-Size-1-lb/12443809"
    },
    {
        "name": "Biscoff Cookie Butter, Lotus Creamy Nut-Free Spread, 14.1 oz Jar",
        "price": 5.36,
        "unit_price": 0.38014184397163125,
        "unit": "oz",
        "category": "protein",
        "calories": null,
        "calories_per_dollar": 0,
        "aisle_number": "N/A",
        "availability": "N/A",
        "product_link": "https://www.walmart.com/ip/Biscoff-Cookie-Butter-Lotus-Creamy-Nut-Free-Spread-14-1-oz-Jar/19857695"
    },
    {
        "name": "Fit Butters Chocolate Chip Cookie Dough Cashew Butter, 16 oz",
        "price": 13.98,
        "unit_price": 0.87375,
        "unit": "oz",
        "category": "protein",
        "calories": null,
        "calories_per_dollar": 0,
        "aisle_number": "N/A",
        "availability": "N/A",
        "product_link": "https://www.walmart.com/ip/Fit-Butters-Chocolate-Chip-Cookie-Dough-Cashew-Butter-16-oz/3085636494"
    },
    {
        "name": "NuttZo Organic Power Fuel Smooth 7 Nut &amp; Seed Butter Spread, Plant-Based, No Palm Oil, 12 oz Jar",
        "price": 10.78,
        "unit_price": 0.8983333333333333,
        "unit": "oz",
        "category": "protein",
        "calories": null,
        "calories_per_dollar": 0,
        "aisle_number": "N/A",
        "availability": "N/A",
        "product_link": "https://www.walmart.com/ip/NuttZo-Organic-Power-Fuel-Smooth-7-Nut-Seed-Butter-Spread-Plant-Based-No-Palm-Oil-12-oz-Jar/339421542"
    },
    {
        "name": "SunButter Natural Sunflower Butter 16 oz",
        "price": 6.98,
        "unit_price": 0.43625,
        "unit": "oz",
        "category": "protein",
        "calories": null,
        "calories_per_dollar": 0,
        "aisle_number": "N/A",
        "availability": "N/A",
        "product_link": "https://www.walmart.com/ip/SunButter-Natural-Sunflower-Butter-Regular-16oz-Jar/10423163?athbdg=L1600"
    },
    {
        "name": "Sam's Choice Creamy Almond Butter, 12 oz",
        "price": 4.98,
        "unit_price": 0.41500000000000004,
        "unit": "oz",
        "category": "protein",
        "calories": null,
        "calories_per_dollar": 0,
        "aisle_number": "N/A",
        "availability": "N/A",
        "product_link": "https://www.walmart.com/ip/Sam-s-Choice-Creamy-Almond-Butter-12-oz/930104120"
    },
    {
        "name": "Sam's Choice Creamy Cashew Butter, 12 oz",
        "price": 4.98,
        "unit_price": 0.41500000000000004,
        "unit": "oz",
        "category": "protein",
        "calories": null,
        "calories_per_dollar": 0,
        "aisle_number": "N/A",
        "availability": "N/A",
        "product_link": "https://www.walmart.com/ip/Sam-s-Choice-Creamy-Cashew-Butter-12-oz/866731212"
    },
    {
        "name": "bettergoods Pistachio Nut Butter, 6.7 oz",
        "price": 5.47,
        "unit_price": 0.8164179104477611,
        "unit": "oz",
        "category": "protein",
        "calories": null,
        "calories_per_dollar": 0,
        "aisle_number": "N/A",
        "availability": "N/A",
        "product_link": "https://www.walmart.com/ip/bettergoods-Pistachio-Nut-Butter-6-7-oz/5347596814?athbdg=L1600"
    },
    {
        "name": "NuttZo Organic Power Fuel Smooth 7 Nut &amp; Seed Butter Spread, Plant-Based, No Palm Oil, 12 oz Jar",
        "price": 10.78,
        "unit_price": 0.8983333333333333,
        "unit": "oz",
        "category": "protein",
        "calories": null,
        "calories_per_dollar": 0,
        "aisle_number": "N/A",
        "availability": "N/A",
        "product_link": "https://www.walmart.com/ip/NuttZo-Organic-Power-Fuel-Smooth-7-Nut-Seed-Butter-Spread-Plant-Based-No-Palm-Oil-12-oz-Jar/339421542"
    },
    {
        "name": "Crazy Go Nuts Cgn Banana Walnut Butter",
        "price": 6.97,
        "unit_price": null,
        "unit": null,
        "category": "protein",
        "calories": null,
        "calories_per_dollar": 0,
        "aisle_number": "N/A",
        "availability": "N/A",
        "product_link": "https://www.walmart.com/ip/Crazy-Go-Nuts-Cgn-Banana-Walnut-Butter/272171246"
    },
    {
        "name": "NuttZo Peanut Pro Smooth Nut Butter Spread, 7 Nuts &amp; Seeds Blend, Plant-Based, No Palm Oil,12 oz Jar",
        "price": 7.48,
        "unit_price": 0.6233333333333334,
        "unit": "oz",
        "category": "protein",
        "calories": null,
        "calories_per_dollar": 0,
        "aisle_number": "N/A",
        "availability": "N/A",
        "product_link": "https://www.walmart.com/ip/NuttZo-Peanut-Pro-Smooth-Nut-Butter-Spread-7-Nuts-Seeds-Blend-Plant-Based-No-Palm-Oil-12-oz-Jar/950476973"
    },
    {
        "name": "FIt Butters White Chocolate Macadamia Peanut Butter",
        "price": 13.98,
        "unit_price": null,
        "unit": null,
        "category": "protein",
        "calories": null,
        "calories_per_dollar": 0,
        "aisle_number": "N/A",
        "availability": "N/A",
        "product_link": "https://www.walmart.com/ip/FIt-Butters-White-Chocolate-Macadamia-Peanut-Butter/2531003636"
    },
    {
        "name": "JUSTIN'S Gluten-Free Classic Almond Butter, 12 oz Plastic Jar",
        "price": 7.47,
        "unit_price": 0.6224999999999999,
        "unit": "oz",
        "category": "protein",
        "calories": null,
        "calories_per_dollar": 0,
        "aisle_number": "N/A",
        "availability": "N/A",
        "product_link": "https://www.walmart.com/ip/JUSTIN-S-Gluten-Free-Classic-Almond-Butter-12-oz-Plastic-Jar/46330133"
    },
    {
        "name": "Crazy Go Nuts Walnut Butter - Maple, 9 oz (1-Pack) - Healthy Snacks, Keto, Vegan, Low Carb, Gluten Free, Superfood",
        "price": 6.97,
        "unit_price": 0.7744444444444444,
        "unit": "oz",
        "category": "protein",
        "calories": null,
        "calories_per_dollar": 0,
        "aisle_number": "N/A",
        "availability": "N/A",
        "product_link": "https://www.walmart.com/ip/Crazy-Go-Nuts-Walnut-Butter-Maple-9-oz-1-Pack-Healthy-Snacks-Keto-Vegan-Low-Carb-Gluten-Free-Superfood/209424590?athbdg=L1600"
    },
    {
        "name": "SunButter Natural Sunflower Butter 16 oz",
        "price": 6.98,
        "unit_price": 0.43625,
        "unit": "oz",
        "category": "protein",
        "calories": null,
        "calories_per_dollar": 0,
        "aisle_number": "N/A",
        "availability": "N/A",
        "product_link": "https://www.walmart.com/ip/SunButter-Natural-Sunflower-Butter-Regular-16oz-Jar/10423163?athbdg=L1600"
    },
    {
        "name": "Biscoff Cookie Butter, Lotus Creamy Nut-Free Spread, 14.1 oz Jar",
        "price": 5.36,
        "unit_price": 0.38014184397163125,
        "unit": "oz",
        "category": "protein",
        "calories": null,
        "calories_per_dollar": 0,
        "aisle_number": "N/A",
        "availability": "N/A",
        "product_link": "https://www.walmart.com/ip/Biscoff-Cookie-Butter-Lotus-Creamy-Nut-Free-Spread-14-1-oz-Jar/19857695"
    },
    {
        "name": "Great Value Natural No Stir Creamy Peanut Butter, 16 ozs",
        "price": 1.98,
        "unit_price": 0.12375,
        "unit": "oz",
        "category": "protein",
        "calories": null,
        "calories_per_dollar": 0,
        "aisle_number": "N/A",
        "availability": "N/A",
        "product_link": "https://www.walmart.com/ip/Great-Value-Natural-No-Stir-Creamy-Peanut-Butter-16-ozs/36267321"
    },
    {
        "name": "Crazy Go Nuts Walnut Butter - Chocolate Brownie, 9 oz (1-Pack) - Healthy Snacks, Keto, Vegan, Low Carb, Gluten Free, Superfood",
        "price": 6.97,
        "unit_price": 0.7744444444444444,
        "unit": "oz",
        "category": "protein",
        "calories": null,
        "calories_per_dollar": 0,
        "aisle_number": "N/A",
        "availability": "N/A",
        "product_link": "https://www.walmart.com/ip/Crazy-Go-Nuts-Walnut-Butter-Chocolate-Brownie-9-oz-1-Pack-Healthy-Snacks-Keto-Vegan-Low-Carb-Gluten-Free-Superfood/605383044"
    },
    {
        "name": "NuttZo Peanut Pro Smooth Nut Butter Spread, 7 Nuts &amp; Seeds Blend, Plant-Based, No Palm Oil,12 oz Jar",
        "price": 7.48,
        "unit_price": 0.6233333333333334,
        "unit": "oz",
        "category": "protein",
        "calories": null,
        "calories_per_dollar": 0,
        "aisle_number": "N/A",
        "availability": "N/A",
        "product_link": "https://www.walmart.com/ip/NuttZo-Peanut-Pro-Smooth-Nut-Butter-Spread-7-Nuts-Seeds-Blend-Plant-Based-No-Palm-Oil-12-oz-Jar/950476973"
    },
    {
        "name": "JUSTIN'S Gluten-Free Classic Almond Butter, 12 oz Plastic Jar",
        "price": 7.47,
        "unit_price": 0.6224999999999999,
        "unit": "oz",
        "category": "protein",
        "calories": null,
        "calories_per_dollar": 0,
        "aisle_number": "N/A",
        "availability": "N/A",
        "product_link": "https://www.walmart.com/ip/JUSTIN-S-Gluten-Free-Classic-Almond-Butter-12-oz-Plastic-Jar/46330133"
    },
    {
        "name": "Great Value Hazelnut Spread, 13 oz",
        "price": 2.87,
        "unit_price": 0.22076923076923077,
        "unit": "oz",
        "category": "protein",
        "calories": null,
        "calories_per_dollar": 0,
        "aisle_number": "N/A",
        "availability": "N/A",
        "product_link": "https://www.walmart.com/ip/Great-Value-Hazelnut-Spread-13-oz/32250851"
    },
    {
        "name": "Crazy Richard's All-Natural Creamy Peanut Butter, 16 oz",
        "price": 3.54,
        "unit_price": 0.22125,
        "unit": "oz",
        "category": "protein",
        "calories": null,
        "calories_per_dollar": 0,
        "aisle_number": "N/A",
        "availability": "N/A",
        "product_link": "https://www.walmart.com/ip/Crazy-Richard-s-All-Natural-Creamy-Peanut-Butter-16-oz/20683208"
    },
    {
        "name": "JUSTIN'S No Stir, Gluten-Free Vanilla Almond Butter, 12 oz Plastic Jar",
        "price": 7.47,
        "unit_price": 0.6224999999999999,
        "unit": "oz",
        "category": "protein",
        "calories": null,
        "calories_per_dollar": 0,
        "aisle_number": "N/A",
        "availability": "N/A",
        "product_link": "https://www.walmart.com/ip/JUSTIN-S-No-Stir-Gluten-Free-Vanilla-Almond-Butter-12-oz-Plastic-Jar/46330132"
    },
    {
        "name": "Great Value Creamy Speculoos Cookie Butter, 14.1 oz",
        "price": 3.98,
        "unit_price": 0.2822695035460993,
        "unit": "oz",
        "category": "protein",
        "calories": null,
        "calories_per_dollar": 0,
        "aisle_number": "N/A",
        "availability": "N/A",
        "product_link": "https://www.walmart.com/ip/Great-Value-Creamy-Speculoos-Cookie-Butter-14-1-oz/306856840"
    },
    {
        "name": "Peanut Butter &amp; Co, Dark Chocolatey Dreams, Peanut Butter Spread, 16 oz",
        "price": 4.54,
        "unit_price": 0.28375,
        "unit": "oz",
        "category": "protein",
        "calories": null,
        "calories_per_dollar": 0,
        "aisle_number": "N/A",
        "availability": "N/A",
        "product_link": "https://www.walmart.com/ip/Peanut-Butter-Co-Dark-Chocolatey-Dreams-Peanut-Butter-Spread-16-oz/332255231"
    },
    {
        "name": "Jif No Added Sugar Creamy Peanut Butter Spread, 15.5 oz. - Smooth, Creamy Texture, No Stir Peanut Butter Spread",
        "price": 3.12,
        "unit_price": 0.20129032258064516,
        "unit": "oz",
        "category": "protein",
        "calories": null,
        "calories_per_dollar": 0,
        "aisle_number": "N/A",
        "availability": "N/A",
        "product_link": "https://www.walmart.com/ip/Jif-No-Added-Sugar-Creamy-Peanut-Butter-Spread-15-5-oz-Smooth-Creamy-Texture-No-Stir-Peanut-Butter-Spread/193962860"
    },
    {
        "name": "Fit Butters Chocolate Chip Cookie Dough Cashew Butter, 16 oz",
        "price": 13.98,
        "unit_price": 0.87375,
        "unit": "oz",
        "category": "protein",
        "calories": null,
        "calories_per_dollar": 0,
        "aisle_number": "N/A",
        "availability": "N/A",
        "product_link": "https://www.walmart.com/ip/Fit-Butters-Chocolate-Chip-Cookie-Dough-Cashew-Butter-16-oz/3085636494"
    },
    {
        "name": "NuttZo Almond Coconut Crunch Nut Butter, 7 Peanut Butter Spread, Plant-Based, No Palm Oil, 12 oz Jar",
        "price": 12.99,
        "unit_price": 1.0825,
        "unit": "oz",
        "category": "protein",
        "calories": null,
        "calories_per_dollar": 0,
        "aisle_number": "N/A",
        "availability": "N/A",
        "product_link": "https://www.walmart.com/ip/NuttZo-Almond-Coconut-Crunch-Nut-Butter-7-Peanut-Butter-Spread-Plant-Based-No-Palm-Oil-12-oz-Jar/821312454"
    },
    {
        "name": "NuttZo, Dark Chocolate Almond Coconut Keto Crunchy Nut Butter, Plant-Based, No Palm Oil,12 oz Jar",
        "price": 13.02,
        "unit_price": 1.085,
        "unit": "oz",
        "category": "protein",
        "calories": null,
        "calories_per_dollar": 0,
        "aisle_number": "N/A",
        "availability": "N/A",
        "product_link": "https://www.walmart.com/ip/NuttZo-Dark-Chocolate-Almond-Coconut-Keto-Crunchy-Nut-Butter-Plant-Based-No-Palm-Oil-12-oz-Jar/321213042"
    },
    {
        "name": "bettergoods Cookies and Cream Spread, 13 oz",
        "price": 3.47,
        "unit_price": 0.26692307692307693,
        "unit": "oz",
        "category": "protein",
        "calories": null,
        "calories_per_dollar": 0,
        "aisle_number": "N/A",
        "availability": "N/A",
        "product_link": "https://www.walmart.com/ip/bettergoods-Cookies-and-Cream-Spreads-13-oz/5373792008"
    },
    {
        "name": "NuttZo Almond Coconut Crunch Nut Butter, 7 Peanut Butter Spread, Plant-Based, No Palm Oil, 12 oz Jar",
        "price": 12.99,
        "unit_price": 1.0825,
        "unit": "oz",
        "category": "protein",
        "calories": null,
        "calories_per_dollar": 0,
        "aisle_number": "N/A",
        "availability": "N/A",
        "product_link": "https://www.walmart.com/ip/NuttZo-Almond-Coconut-Crunch-Nut-Butter-7-Peanut-Butter-Spread-Plant-Based-No-Palm-Oil-12-oz-Jar/821312454"
    },
    {
        "name": "FIt Butters White Chocolate Macadamia Peanut Butter",
        "price": 13.98,
        "unit_price": null,
        "unit": null,
        "category": "protein",
        "calories": null,
        "calories_per_dollar": 0,
        "aisle_number": "N/A",
        "availability": "N/A",
        "product_link": "https://www.walmart.com/ip/FIt-Butters-White-Chocolate-Macadamia-Peanut-Butter/2531003636"
    },
    {
        "name": "NuttZo, Dark Chocolate Almond Coconut Keto Crunchy Nut Butter, Plant-Based, No Palm Oil,12 oz Jar",
        "price": 13.02,
        "unit_price": 1.085,
        "unit": "oz",
        "category": "protein",
        "calories": null,
        "calories_per_dollar": 0,
        "aisle_number": "N/A",
        "availability": "N/A",
        "product_link": "https://www.walmart.com/ip/NuttZo-Dark-Chocolate-Almond-Coconut-Keto-Crunchy-Nut-Butter-Plant-Based-No-Palm-Oil-12-oz-Jar/321213042"
    },
    {
        "name": "JUSTIN'S Gluten-Free Cinnamon Almond Butter, 12 oz Regular Plastic Jar",
        "price": 6.97,
        "unit_price": 0.5808333333333333,
        "unit": "oz",
        "category": "protein",
        "calories": null,
        "calories_per_dollar": 0,
        "aisle_number": "N/A",
        "availability": "N/A",
        "product_link": "https://www.walmart.com/ip/JUSTIN-S-Gluten-Free-Cinnamon-Almond-Butter-12-oz-Regular-Plastic-Jar/376898700"
    },
    {
        "name": "Cinnamon Toast Crunch Creamy Cinnamon Spread, 10 oz",
        "price": 2.48,
        "unit_price": 0.248,
        "unit": "oz",
        "category": "protein",
        "calories": null,
        "calories_per_dollar": 0,
        "aisle_number": "N/A",
        "availability": "N/A",
        "product_link": "https://www.walmart.com/ip/Cinnamon-Toast-Crunch-Creamy-Cinnamon-Spread-10-oz/895992666"
    },
    {
        "name": "Great Value Organic Creamy Stir Peanut Butter, 16 oz",
        "price": 4.47,
        "unit_price": 0.279375,
        "unit": "oz",
        "category": "protein",
        "calories": null,
        "calories_per_dollar": 0,
        "aisle_number": "N/A",
        "availability": "N/A",
        "product_link": "https://www.walmart.com/ip/Great-Value-Organic-Creamy-Stir-Peanut-Butter-16-oz/414055530"
    },
    {
        "name": "Nutella Hazelnut Spread with Cocoa for Breakfast, 13 oz Jar",
        "price": 3.97,
        "unit_price": 0.3053846153846154,
        "unit": "oz",
        "category": "protein",
        "calories": null,
        "calories_per_dollar": 0,
        "aisle_number": "N/A",
        "availability": "N/A",
        "product_link": "https://www.walmart.com/ip/Nutella-Hazelnut-Spread-with-Cocoa-for-Breakfast-13-oz-Jar/10451273"
    },
    {
        "name": "Voyage Foods Top 9 Allergen-Free Peanut-Free Spread 16 oz Jar",
        "price": 4.48,
        "unit_price": 0.28,
        "unit": "oz",
        "category": "protein",
        "calories": null,
        "calories_per_dollar": 0,
        "aisle_number": "N/A",
        "availability": "N/A",
        "product_link": "https://www.walmart.com/ip/Voyage-Foods-Top-9-Allergen-Free-Peanut-Free-Spread-16-oz-Jar/1159506407"
    },
    {
        "name": "bettergoods S'mores Spread, 13 oz",
        "price": 3.47,
        "unit_price": 0.26692307692307693,
        "unit": "oz",
        "category": "protein",
        "calories": null,
        "calories_per_dollar": 0,
        "aisle_number": "N/A",
        "availability": "N/A",
        "product_link": "https://www.walmart.com/ip/bettergoods-Smores-Spreads-13-oz/5373792007"
    },
    {
        "name": "Jif To Go Natural Creamy Peanut Butter Spread, 8- 1.5 Ounce Cups, Smooth and Creamy Texture, Snack Size Packs",
        "price": 3.14,
        "unit_price": null,
        "unit": null,
        "category": "protein",
        "calories": null,
        "calories_per_dollar": 0,
        "aisle_number": "N/A",
        "availability": "N/A",
        "product_link": "https://www.walmart.com/ip/Jif-To-Go-Natural-Creamy-Peanut-Butter-Spread-8-1-5-Ounce-Cups-Smooth-and-Creamy-Texture-Snack-Size-Packs/20551153"
    },
    {
        "name": "Frooze Balls Vegan Chocolate Hazelnut Energy Balls, 7.4 oz",
        "price": 4.47,
        "unit_price": 0.604054054054054,
        "unit": "oz",
        "category": "protein",
        "calories": null,
        "calories_per_dollar": 0,
        "aisle_number": "N/A",
        "availability": "N/A",
        "product_link": "https://www.walmart.com/ip/Frooze-Balls-Vegan-Chocolate-Hazelnut-Energy-Balls-7-4-oz/314480243?athbdg=L1300"
    },
    {
        "name": "Good Good No Added Sugar Belgian Choco Hazel Nut Butter, 12.34oz, 1 Count",
        "price": 13.4,
        "unit_price": 1.0858995137763372,
        "unit": "oz",
        "category": "protein",
        "calories": null,
        "calories_per_dollar": 0,
        "aisle_number": "N/A",
        "availability": "N/A",
        "product_link": "https://www.walmart.com/ip/Good-Good-No-Added-Sugar-Belgian-Choco-Hazel-Nut-Butter-12-34oz-1-Count/103393302"
    },
    {
        "name": "MaraNatha Creamy Coconut Almond Butter, 12 oz",
        "price": 15.07,
        "unit_price": 1.2558333333333334,
        "unit": "oz",
        "category": "protein",
        "calories": null,
        "calories_per_dollar": 0,
        "aisle_number": "N/A",
        "availability": "N/A",
        "product_link": "https://www.walmart.com/ip/MaraNatha-Creamy-Coconut-Almond-Butter-12-oz/36330408"
    },
    {
        "name": "The Nutty Gourmet Pistachio Butter, 10 oz",
        "price": 7.94,
        "unit_price": 0.794,
        "unit": "oz",
        "category": "protein",
        "calories": null,
        "calories_per_dollar": 0,
        "aisle_number": "N/A",
        "availability": "N/A",
        "product_link": "https://www.walmart.com/ip/The-Nutty-Gourmet-Pistachio-Butter-10-oz/891524216"
    },
    {
        "name": "Blender Bites 1-Step Frozen Liquid Sunshine Smoothie Drink, 12.7 oz",
        "price": 6.47,
        "unit_price": 0.5094488188976378,
        "unit": "oz",
        "category": "produce",
        "calories": null,
        "calories_per_dollar": 0,
        "aisle_number": "N/A",
        "availability": "N/A",
        "product_link": "https://www.walmart.com/ip/Blender-Bites-1-Step-Frozen-Liquid-Sunshine-Smoothie-Drink-12-7-oz/2459733144"
    },
    {
        "name": "Pitaya Foods Frozen Dragon Fruit Bite Sized Pieces for Smoothies, 12 oz, Pouch, 1 Ct",
        "price": 3.98,
        "unit_price": 0.33166666666666667,
        "unit": "oz",
        "category": "produce",
        "calories": null,
        "calories_per_dollar": 0,
        "aisle_number": "N/A",
        "availability": "N/A",
        "product_link": "https://www.walmart.com/ip/Pitaya-Foods-Frozen-Dragon-Fruit-Bite-Sized-Pieces-for-Smoothies-12-oz-Pouch-1-Ct/153428240"
    },
    {
        "name": "Blender Bites 1-Step Tropical Frozen Smoothie Daily Defen-C, 12.7 oz",
        "price": 6.47,
        "unit_price": 0.5094488188976378,
        "unit": "oz",
        "category": "produce",
        "calories": null,
        "calories_per_dollar": 0,
        "aisle_number": "N/A",
        "availability": "N/A",
        "product_link": "https://www.walmart.com/ip/Blender-Bites-1-Step-Tropical-Frozen-Smoothie-Daily-Defen-C-12-7-oz/1288006684"
    },
    {
        "name": "Blender Bites 1-Step Frozen Power Berry Smoothie, 12.7 oz",
        "price": 6.47,
        "unit_price": 0.5094488188976378,
        "unit": "oz",
        "category": "produce",
        "calories": null,
        "calories_per_dollar": 0,
        "aisle_number": "N/A",
        "availability": "N/A",
        "product_link": "https://www.walmart.com/ip/Blender-Bites-1-Step-Frozen-Power-Berry-Smoothie-12-7-oz/1475852022"
    },
    {
        "name": "Fresh Red Cherries, 2.25 lb Bag",
        "price": 5.56,
        "unit_price": 2.471111111111111,
        "unit": "lb",
        "category": "produce",
        "calories": null,
        "calories_per_dollar": 0,
        "aisle_number": "N/A",
        "availability": "N/A",
        "product_link": "https://www.walmart.com/ip/Fresh-Red-Cherries-2-25-lb-Bag/46491694"
    },
    {
        "name": "Fresh Sweet Rainier Cherries, 1.25 lb Pouch",
        "price": 7.48,
        "unit_price": 5.984,
        "unit": "lb",
        "category": "produce",
        "calories": null,
        "calories_per_dollar": 0,
        "aisle_number": "N/A",
        "availability": "N/A",
        "product_link": "https://www.walmart.com/ip/Fresh-Sweet-Rainier-Cherries-1-25-lb-Pouch/586823130"
    },
    {
        "name": "Fresh Banana Fruit, Each",
        "price": 0.24,
        "unit_price": null,
        "unit": null,
        "category": "produce",
        "calories": null,
        "calories_per_dollar": 0,
        "aisle_number": "N/A",
        "availability": "N/A",
        "product_link": "https://www.walmart.com/ip/Fresh-Banana-Fruit-Each/44390948?athbdg=L1600"
    },
    {
        "name": "Fresh Strawberries, 1 lb Container",
        "price": 2.38,
        "unit_price": 2.38,
        "unit": "lb",
        "category": "produce",
        "calories": null,
        "calories_per_dollar": 0,
        "aisle_number": "N/A",
        "availability": "N/A",
        "product_link": "https://www.walmart.com/ip/Fresh-Strawberries-1-lb-Container/44391605?athbdg=L1200"
    },
    {
        "name": "Fresh Clementines, 3 lb. Bag",
        "price": 4.98,
        "unit_price": 1.6600000000000001,
        "unit": "lb",
        "category": "produce",
        "calories": null,
        "calories_per_dollar": 0,
        "aisle_number": "N/A",
        "availability": "N/A",
        "product_link": "https://www.walmart.com/ip/Clementines-3-lbs/11025598?athbdg=L1600"
    },
    {
        "name": "Fresh Green Seedless Grapes (2.25 lbs/Bag Est.)",
        "price": 4.68,
        "unit_price": 2.08,
        "unit": "lb",
        "category": "produce",
        "calories": null,
        "calories_per_dollar": 0,
        "aisle_number": "N/A",
        "availability": "N/A",
        "product_link": "https://www.walmart.com/ip/Fresh-Green-Seedless-Grapes-2-25-lbs-Bag-Est/44390943?athbdg=L1600"
    },
    {
        "name": "Dole Crafted Smoothie Blends Frozen Tropical Fruit Blend with Dragon Fruit, 40 oz Bag",
        "price": 11.78,
        "unit_price": 0.2945,
        "unit": "oz",
        "category": "produce",
        "calories": null,
        "calories_per_dollar": 0,
        "aisle_number": "N/A",
        "availability": "N/A",
        "product_link": "https://www.walmart.com/ip/Dole-Crafted-Smoothie-Blends-Frozen-Tropical-Fruit-Blend-with-Dragon-Fruit-40-oz-Bag/485973996"
    },
    {
        "name": "Pitaya Foods Frozen Passion Fruit Bite Sized Pieces for Smoothies, 12oz, 1 Pouch",
        "price": 3.98,
        "unit_price": 0.33166666666666667,
        "unit": "oz",
        "category": "produce",
        "calories": null,
        "calories_per_dollar": 0,
        "aisle_number": "N/A",
        "availability": "N/A",
        "product_link": "https://www.walmart.com/ip/Pitaya-Foods-Frozen-Passion-Fruit-Bite-Sized-Pieces-for-Smoothies-12oz-1-Pouch/495922623"
    },
    {
        "name": "Marketside Fresh Organic Bananas, Bunch",
        "price": 2.08,
        "unit_price": null,
        "unit": null,
        "category": "produce",
        "calories": null,
        "calories_per_dollar": 0,
        "aisle_number": "N/A",
        "availability": "N/A",
        "product_link": "https://www.walmart.com/ip/Marketside-Fresh-Organic-Bananas-Bunch/51259338?athbdg=L1600"
    },
    {
        "name": "Cantaloupe, each",
        "price": 2.88,
        "unit_price": null,
        "unit": null,
        "category": "produce",
        "calories": null,
        "calories_per_dollar": 0,
        "aisle_number": "N/A",
        "availability": "N/A",
        "product_link": "https://www.walmart.com/ip/Cantaloupe-each/44390974?athbdg=L1600"
    },
    {
        "name": "Fresh Blueberries, 11 oz or 1 Pint Container",
        "price": 2.97,
        "unit_price": 0.27,
        "unit": "oz",
        "category": "produce",
        "calories": null,
        "calories_per_dollar": 0,
        "aisle_number": "N/A",
        "availability": "N/A",
        "product_link": "https://www.walmart.com/ip/Fresh-Blueberries-11-oz-or-1-Pint-Container/1732560925"
    },
    {
        "name": "Fresh Red Seedless Grapes, Bag (2.25 lbs/Bag Est.)",
        "price": 5.13,
        "unit_price": 2.28,
        "unit": "lb",
        "category": "produce",
        "calories": null,
        "calories_per_dollar": 0,
        "aisle_number": "N/A",
        "availability": "N/A",
        "product_link": "https://www.walmart.com/ip/Fresh-Red-Seedless-Grapes-Bag-2-25-lbs-Bag-Est/47770140?athbdg=L1600"
    },
    {
        "name": "Fresh Pineapple, Each",
        "price": 2.38,
        "unit_price": null,
        "unit": null,
        "category": "produce",
        "calories": null,
        "calories_per_dollar": 0,
        "aisle_number": "N/A",
        "availability": "N/A",
        "product_link": "https://www.walmart.com/ip/Fresh-Pineapple-Each/44391200"
    },
    {
        "name": "Fresh Hass Avocados, Each",
        "price": 0.84,
        "unit_price": null,
        "unit": null,
        "category": "produce",
        "calories": null,
        "calories_per_dollar": 0,
        "aisle_number": "N/A",
        "availability": "N/A",
        "product_link": "https://www.walmart.com/ip/Fresh-Hass-Avocados-Each/44390949"
    },
    {
        "name": "Fresh Bluey Kiwi Fruit, 1 lb Clamshell",
        "price": 2.97,
        "unit_price": 2.97,
        "unit": "lb",
        "category": "produce",
        "calories": null,
        "calories_per_dollar": 0,
        "aisle_number": "N/A",
        "availability": "N/A",
        "product_link": "https://www.walmart.com/ip/Fresh-Bluey-Kiwi-Fruit-1-lb-Clamshell/5364758046"
    },
    {
        "name": "Fresh Seedless Watermelon, Each",
        "price": 4.68,
        "unit_price": null,
        "unit": null,
        "category": "produce",
        "calories": null,
        "calories_per_dollar": 0,
        "aisle_number": "N/A",
        "availability": "N/A",
        "product_link": "https://www.walmart.com/ip/Fresh-Seedless-Watermelon-Each/44391101"
    },
    {
        "name": "Crunch Pak Snack Dipperz with Fresh Tart Sliced Apples and Caramel in a 5pk",
        "price": 5.97,
        "unit_price": null,
        "unit": null,
        "category": "produce",
        "calories": null,
        "calories_per_dollar": 0,
        "aisle_number": "N/A",
        "availability": "N/A",
        "product_link": "https://www.walmart.com/ip/Crunch-Pak-Snack-Dipperz-with-Fresh-Tart-Sliced-Apples-and-Caramel-in-a-5pk/810359707"
    },
    {
        "name": "DEL MONTE Diced Peaches FRUIT CUP Snacks, 100% Juice, 12 Pack, 4 oz",
        "price": 7.98,
        "unit_price": 1.995,
        "unit": "oz",
        "category": "produce",
        "calories": null,
        "calories_per_dollar": 0,
        "aisle_number": "N/A",
        "availability": "N/A",
        "product_link": "https://www.walmart.com/ip/DEL-MONTE-Diced-Peaches-FRUIT-CUP-Snacks-100-Juice-12-Pack-4-oz/21849152"
    },
    {
        "name": "Fresh Blackberries, 6 oz Container",
        "price": 2.87,
        "unit_price": 0.47833333333333333,
        "unit": "oz",
        "category": "produce",
        "calories": null,
        "calories_per_dollar": 0,
        "aisle_number": "N/A",
        "availability": "N/A",
        "product_link": "https://www.walmart.com/ip/Fresh-Blackberries-6-oz-Container/47314798"
    },
    {
        "name": "Fresh Strawberries, 2 lb Container",
        "price": 4.64,
        "unit_price": 2.32,
        "unit": "lb",
        "category": "produce",
        "calories": null,
        "calories_per_dollar": 0,
        "aisle_number": "N/A",
        "availability": "N/A",
        "product_link": "https://www.walmart.com/ip/Fresh-Strawberries-2-lb-Container/22660282"
    },
    {
        "name": "Fresh Blueberries, 18 oz Container",
        "price": 4.54,
        "unit_price": 0.25222222222222224,
        "unit": "oz",
        "category": "produce",
        "calories": null,
        "calories_per_dollar": 0,
        "aisle_number": "N/A",
        "availability": "N/A",
        "product_link": "https://www.walmart.com/ip/Fresh-Blueberries-18-oz-Container/161115457"
    },
    {
        "name": "Fresh Lime, Each",
        "price": 0.25,
        "unit_price": null,
        "unit": null,
        "category": "produce",
        "calories": null,
        "calories_per_dollar": 0,
        "aisle_number": "N/A",
        "availability": "N/A",
        "product_link": "https://www.walmart.com/ip/Fresh-Lime-Each/44391008"
    },
    {
        "name": "Fresh Yellow Mangoes, Each",
        "price": 0.64,
        "unit_price": null,
        "unit": null,
        "category": "produce",
        "calories": null,
        "calories_per_dollar": 0,
        "aisle_number": "N/A",
        "availability": "N/A",
        "product_link": "https://www.walmart.com/ip/Fresh-Yellow-Mangoes-Each/46491714"
    },
    {
        "name": "Fresh Dragon Fruit, Each",
        "price": 4.97,
        "unit_price": null,
        "unit": null,
        "category": "produce",
        "calories": null,
        "calories_per_dollar": 0,
        "aisle_number": "N/A",
        "availability": "N/A",
        "product_link": "https://www.walmart.com/ip/Fresh-Dragon-Fruit-Each/638705858"
    },
    {
        "name": "Great Value Mixed Fruit, Frozen, 16 oz",
        "price": 2.38,
        "unit_price": 0.14875,
        "unit": "oz",
        "category": "produce",
        "calories": null,
        "calories_per_dollar": 0,
        "aisle_number": "N/A",
        "availability": "N/A",
        "product_link": "https://www.walmart.com/ip/Great-Value-Mixed-Fruit-Frozen-16-oz/26178286"
    },
    {
        "name": "(12 Cups) Del Monte Fruit Cups, Variety Pack, No Sugar Added, 4 oz bowls",
        "price": 7.98,
        "unit_price": 1.995,
        "unit": "oz",
        "category": "produce",
        "calories": null,
        "calories_per_dollar": 0,
        "aisle_number": "N/A",
        "availability": "N/A",
        "product_link": "https://www.walmart.com/ip/12-Cups-Del-Monte-Fruit-Cups-Variety-Pack-No-Sugar-Added-4-oz-bowls/21849151"
    },
    {
        "name": "Crunch Pak Fresh Sweet Apple Slices, Family Size, 14 oz Resealable Bag",
        "price": 3.67,
        "unit_price": 0.2621428571428571,
        "unit": "oz",
        "category": "produce",
        "calories": null,
        "calories_per_dollar": 0,
        "aisle_number": "N/A",
        "availability": "N/A",
        "product_link": "https://www.walmart.com/ip/Crunch-Pak-Fresh-Sweet-Apple-Slices-Family-Size-14-oz-Resealable-Bag/374006257"
    },
    {
        "name": "Dole Mango Chunks in a Blend of 100% Juice*, 15.5 oz",
        "price": 2.22,
        "unit_price": 0.14322580645161292,
        "unit": "oz",
        "category": "produce",
        "calories": null,
        "calories_per_dollar": 0,
        "aisle_number": "N/A",
        "availability": "N/A",
        "product_link": "https://www.walmart.com/ip/Dole-Mango-Chunks-in-a-Blend-of-100-Juice-15-5-oz/5326388394"
    },
    {
        "name": "Fresh Mangoes, Each, Sweet",
        "price": 0.88,
        "unit_price": null,
        "unit": null,
        "category": "produce",
        "calories": null,
        "calories_per_dollar": 0,
        "aisle_number": "N/A",
        "availability": "N/A",
        "product_link": "https://www.walmart.com/ip/Fresh-Mangoes-Each-Sweet/994998279"
    },
    {
        "name": "Freshness Guaranteed Pineapple Chunks, 16 oz",
        "price": 4.58,
        "unit_price": 0.28625,
        "unit": "oz",
        "category": "produce",
        "calories": null,
        "calories_per_dollar": 0,
        "aisle_number": "N/A",
        "availability": "N/A",
        "product_link": "https://www.walmart.com/ip/Freshness-Guaranteed-Pineapple-Chunks-16-oz/157250373"
    },
    {
        "name": "Fresh Cherry Plums, Bag (approx. 1.33 lbs/bag)",
        "price": 3.48,
        "unit_price": 2.6165413533834583,
        "unit": "lb",
        "category": "produce",
        "calories": null,
        "calories_per_dollar": 0,
        "aisle_number": "N/A",
        "availability": "N/A",
        "product_link": "https://www.walmart.com/ip/Fresh-Cherry-Plums-Bag/719176740"
    },
    {
        "name": "Fresh Yellow Nectarine, Each",
        "price": 1.13,
        "unit_price": null,
        "unit": null,
        "category": "produce",
        "calories": null,
        "calories_per_dollar": 0,
        "aisle_number": "N/A",
        "availability": "N/A",
        "product_link": "https://www.walmart.com/ip/Fresh-Yellow-Nectarine-Each/44391097"
    },
    {
        "name": "Fresh Gala Apples, 3 lb Bag",
        "price": 3.86,
        "unit_price": 1.2866666666666666,
        "unit": "lb",
        "category": "produce",
        "calories": 4560.0,
        "calories_per_dollar": 0,
        "aisle_number": "N/A",
        "availability": "N/A",
        "product_link": "https://www.walmart.com/ip/Fresh-Gala-Apples-3-lb-Bag/44390958"
    },
    {
        "name": "Fresh Raspberries, 12 oz Container",
        "price": 5.94,
        "unit_price": 0.49500000000000005,
        "unit": "oz",
        "category": "produce",
        "calories": null,
        "calories_per_dollar": 0,
        "aisle_number": "N/A",
        "availability": "N/A",
        "product_link": "https://www.walmart.com/ip/Fresh-Raspberries-12-oz-Container/44390957"
    },
    {
        "name": "Fresh Yellow Peach, Each",
        "price": 1.07,
        "unit_price": null,
        "unit": null,
        "category": "produce",
        "calories": null,
        "calories_per_dollar": 0,
        "aisle_number": "N/A",
        "availability": "N/A",
        "product_link": "https://www.walmart.com/ip/Fresh-Yellow-Peach-Each/216218066"
    },
    {
        "name": "Freshness Guaranteed Seasonal Fruit Blend, 16 oz",
        "price": 7.27,
        "unit_price": 0.454375,
        "unit": "oz",
        "category": "produce",
        "calories": null,
        "calories_per_dollar": 0,
        "aisle_number": "N/A",
        "availability": "N/A",
        "product_link": "https://www.walmart.com/ip/Freshness-Guaranteed-Seasonal-Fruit-Blend-16-oz/664660630"
    },
    {
        "name": "Fresh Navel Oranges, 4 lb Bag",
        "price": 4.98,
        "unit_price": 1.245,
        "unit": "lb",
        "category": "produce",
        "calories": null,
        "calories_per_dollar": 0,
        "aisle_number": "N/A",
        "availability": "N/A",
        "product_link": "https://www.walmart.com/ip/Fresh-Navel-Oranges-4-lb-Bag/44391012"
    },
    {
        "name": "Fresh Plum, Each",
        "price": 0.7,
        "unit_price": null,
        "unit": null,
        "category": "produce",
        "calories": null,
        "calories_per_dollar": 0,
        "aisle_number": "N/A",
        "availability": "N/A",
        "product_link": "https://www.walmart.com/ip/Fresh-Plum-Each/44391147"
    },
    {
        "name": "Reeses Banana Slices in Milk Chocolate and Reese's Peanut Butter Chips, 8 oz (Frozen)",
        "price": 6.27,
        "unit_price": 0.78375,
        "unit": "oz",
        "category": "produce",
        "calories": null,
        "calories_per_dollar": 0,
        "aisle_number": "N/A",
        "availability": "N/A",
        "product_link": "https://www.walmart.com/ip/Reese-s-Banana-Slices-in-Milk-Chocolate-and-Reese-s-Peanut-Butter-Chips-8-oz-Frozen/2587301454"
    },
    {
        "name": "Nature's Premium Fruit Pearls, Frozen Fruit Snack, Strawberry Banana, 2.3 oz, Multipack 4 Count",
        "price": 4.94,
        "unit_price": 2.147826086956522,
        "unit": "oz",
        "category": "produce",
        "calories": null,
        "calories_per_dollar": 0,
        "aisle_number": "N/A",
        "availability": "N/A",
        "product_link": "https://www.walmart.com/ip/Nature-s-Premium-Fruit-Pearls-Frozen-Fruit-Snack-Strawberry-Banana-2-3-oz-Multipack-4-Count/878717152"
    },
    {
        "name": "Great Value High in Antioxidant Fruit Blend, 40 oz (Frozen)",
        "price": 8.96,
        "unit_price": 0.22400000000000003,
        "unit": "oz",
        "category": "produce",
        "calories": null,
        "calories_per_dollar": 0,
        "aisle_number": "N/A",
        "availability": "N/A",
        "product_link": "https://www.walmart.com/ip/Great-Value-High-in-Antioxidant-Fruit-Blend-40-oz-Frozen/774476466"
    },
    {
        "name": "Fresh Navel Orange, Each",
        "price": 0.98,
        "unit_price": null,
        "unit": null,
        "category": "produce",
        "calories": null,
        "calories_per_dollar": 0,
        "aisle_number": "N/A",
        "availability": "N/A",
        "product_link": "https://www.walmart.com/ip/Fresh-Navel-Orange-Each/162577028"
    },
    {
        "name": "Fresh Raspberries, 6 oz Container",
        "price": 3.27,
        "unit_price": 0.545,
        "unit": "oz",
        "category": "produce",
        "calories": null,
        "calories_per_dollar": 0,
        "aisle_number": "N/A",
        "availability": "N/A",
        "product_link": "https://www.walmart.com/ip/Fresh-Raspberries-6-oz-Container/44391666"
    },
    {
        "name": "Fresh White Peaches, 2 lb Bag",
        "price": 4.48,
        "unit_price": 2.24,
        "unit": "lb",
        "category": "produce",
        "calories": null,
        "calories_per_dollar": 0,
        "aisle_number": "N/A",
        "availability": "N/A",
        "product_link": "https://www.walmart.com/ip/Fresh-White-Peaches-2-lb-Bag/5613730291"
    },
    {
        "name": "Fresh Grower's Choice Weekly Harvest Specialty Stone Fruit, 1 lb",
        "price": 3.77,
        "unit_price": 3.77,
        "unit": "lb",
        "category": "produce",
        "calories": null,
        "calories_per_dollar": 0,
        "aisle_number": "N/A",
        "availability": "N/A",
        "product_link": "https://www.walmart.com/ip/Fresh-Red-Plumcot-Each-Whole/845914949"
    },
    {
        "name": "Great Value Frozen Mixed Vegetables, 12 oz Steamable Bag",
        "price": 0.98,
        "unit_price": 0.08166666666666667,
        "unit": "oz",
        "category": "produce",
        "calories": null,
        "calories_per_dollar": 0,
        "aisle_number": "N/A",
        "availability": "N/A",
        "product_link": "https://www.walmart.com/ip/Great-Value-Frozen-Mixed-Vegetables-12-oz-Steamable-Bag/817042496?athbdg=L1600"
    },
    {
        "name": "Fresh Cucumber, Each",
        "price": 0.82,
        "unit_price": null,
        "unit": null,
        "category": "produce",
        "calories": null,
        "calories_per_dollar": 0,
        "aisle_number": "N/A",
        "availability": "N/A",
        "product_link": "https://www.walmart.com/ip/Fresh-Cucumber-Each/44390954?athbdg=L1200"
    },
    {
        "name": "Fresh Broccoli Crowns, Each",
        "price": 1.26,
        "unit_price": null,
        "unit": null,
        "category": "produce",
        "calories": null,
        "calories_per_dollar": 0,
        "aisle_number": "N/A",
        "availability": "N/A",
        "product_link": "https://www.walmart.com/ip/Fresh-Broccoli-Crowns-Each/51259378?athbdg=L1600"
    },
    {
        "name": "Great Value California Style Vegetable Mix, 12 oz Bag (Frozen)",
        "price": 1.16,
        "unit_price": 0.09666666666666666,
        "unit": "oz",
        "category": "produce",
        "calories": null,
        "calories_per_dollar": 0,
        "aisle_number": "N/A",
        "availability": "N/A",
        "product_link": "https://www.walmart.com/ip/Great-Value-California-Style-Vegetable-Mix-12-oz-Bag-Frozen/857019836"
    },
    {
        "name": "Fresh Cut and Harvested Produce Asparagus, Bunch",
        "price": 2.98,
        "unit_price": null,
        "unit": null,
        "category": "produce",
        "calories": null,
        "calories_per_dollar": 0,
        "aisle_number": "N/A",
        "availability": "N/A",
        "product_link": "https://www.walmart.com/ip/Fresh-Cut-and-Harvested-Produce-Asparagus-Bunch/44390952?athbdg=L1600"
    },
    {
        "name": "Great Value Frozen Broccoli Florets, 12 oz Steamable Bag",
        "price": 1.16,
        "unit_price": 0.09666666666666666,
        "unit": "oz",
        "category": "produce",
        "calories": 120.0,
        "calories_per_dollar": 0,
        "aisle_number": "N/A",
        "availability": "N/A",
        "product_link": "https://www.walmart.com/ip/Great-Value-Frozen-Broccoli-Florets-12-oz-Steamable-Bag/735585383?athbdg=L1600"
    },
    {
        "name": "Great Value Frozen Deluxe Stir Fry, Mixed Vegetables, 20 oz Bag",
        "price": 2.48,
        "unit_price": 0.124,
        "unit": "oz",
        "category": "produce",
        "calories": null,
        "calories_per_dollar": 0,
        "aisle_number": "N/A",
        "availability": "N/A",
        "product_link": "https://www.walmart.com/ip/Great-Value-Frozen-Deluxe-Stir-Fry-Mixed-Vegetables-20-oz-Bag/980539185"
    },
    {
        "name": "Fresh Baby-Cut Carrots, 2lb Bag",
        "price": 2.68,
        "unit_price": 1.34,
        "unit": "lb",
        "category": "produce",
        "calories": 384.0,
        "calories_per_dollar": 0,
        "aisle_number": "N/A",
        "availability": "N/A",
        "product_link": "https://www.walmart.com/ip/Fresh-Baby-Cut-Carrots-2lb-Bag/10451316?athbdg=L1600"
    },
    {
        "name": "Fresh Roma Tomato, Each",
        "price": 0.27,
        "unit_price": null,
        "unit": null,
        "category": "produce",
        "calories": null,
        "calories_per_dollar": 0,
        "aisle_number": "N/A",
        "availability": "N/A",
        "product_link": "https://www.walmart.com/ip/Fresh-Roma-Tomato-Each/44390944"
    },
    {
        "name": "Marketside Fresh Green Beans, 12 oz",
        "price": 2.57,
        "unit_price": 0.21416666666666664,
        "unit": "oz",
        "category": "produce",
        "calories": null,
        "calories_per_dollar": 0,
        "aisle_number": "N/A",
        "availability": "N/A",
        "product_link": "https://www.walmart.com/ip/Marketside-Fresh-Green-Beans-12-oz/14053328"
    },
    {
        "name": "Marketside Fresh Spinach, 10 oz Bag, Fresh",
        "price": 1.98,
        "unit_price": 0.198,
        "unit": "oz",
        "category": "produce",
        "calories": null,
        "calories_per_dollar": 0,
        "aisle_number": "N/A",
        "availability": "N/A",
        "product_link": "https://www.walmart.com/ip/Marketside-Fresh-Spinach-10-oz-Bag-Fresh/13893738"
    },
    {
        "name": "Great Value Frozen Broccoli Stir Fry, Mixed Vegetables, 20 oz Bag",
        "price": 2.54,
        "unit_price": 0.127,
        "unit": "oz",
        "category": "produce",
        "calories": 200.0,
        "calories_per_dollar": 0,
        "aisle_number": "N/A",
        "availability": "N/A",
        "product_link": "https://www.walmart.com/ip/Great-Value-Frozen-Broccoli-Stir-Fry-Mixed-Vegetables-20-oz-Bag/689725125"
    },
    {
        "name": "Great Value Golden Sweet Whole Kernel Corn, Canned Corn, 15 oz Can",
        "price": 0.64,
        "unit_price": 0.042666666666666665,
        "unit": "oz",
        "category": "produce",
        "calories": null,
        "calories_per_dollar": 0,
        "aisle_number": "N/A",
        "availability": "N/A",
        "product_link": "https://www.walmart.com/ip/Great-Value-Golden-Sweet-Whole-Kernel-Corn-Canned-Corn-15-oz-Can/10315427"
    },
    {
        "name": "Marketside Fresh Vegetable Medley Blend, 12 oz",
        "price": 2.57,
        "unit_price": 0.21416666666666664,
        "unit": "oz",
        "category": "produce",
        "calories": null,
        "calories_per_dollar": 0,
        "aisle_number": "N/A",
        "availability": "N/A",
        "product_link": "https://www.walmart.com/ip/Marketside-Fresh-Vegetable-Medley-Blend-12-oz/13399616"
    },
    {
        "name": "Fresh Zucchini Squash, Each",
        "price": 0.93,
        "unit_price": null,
        "unit": null,
        "category": "produce",
        "calories": null,
        "calories_per_dollar": 0,
        "aisle_number": "N/A",
        "availability": "N/A",
        "product_link": "https://www.walmart.com/ip/Fresh-Zucchini-Squash-Each/44390947"
    },
    {
        "name": "Green Giant Restaurant Style Garlic Parmesan Green Beans,12 oz Bag (Frozen Vegetables)",
        "price": 2.98,
        "unit_price": 0.24833333333333332,
        "unit": "oz",
        "category": "produce",
        "calories": null,
        "calories_per_dollar": 0,
        "aisle_number": "N/A",
        "availability": "N/A",
        "product_link": "https://www.walmart.com/ip/Green-Giant-Restaurant-Style-Garlic-Parmesan-Green-Beans-12-oz-Bag-Frozen-Vegetables/360122302"
    },
    {
        "name": "Fresh Green Onions Bunch, Each",
        "price": 0.98,
        "unit_price": null,
        "unit": null,
        "category": "produce",
        "calories": null,
        "calories_per_dollar": 0,
        "aisle_number": "N/A",
        "availability": "N/A",
        "product_link": "https://www.walmart.com/ip/Fresh-Green-Onions-Bunch-Each/51259361"
    },
    {
        "name": "Fresh Sweet Corn on the Cob (1 each)",
        "price": 0.5,
        "unit_price": null,
        "unit": null,
        "category": "produce",
        "calories": null,
        "calories_per_dollar": 0,
        "aisle_number": "N/A",
        "availability": "N/A",
        "product_link": "https://www.walmart.com/ip/Fresh-Sweet-Corn-on-the-Cob-1-each/44391430"
    },
    {
        "name": "Fresh Celery Stalk, Each",
        "price": 1.88,
        "unit_price": null,
        "unit": null,
        "category": "produce",
        "calories": null,
        "calories_per_dollar": 0,
        "aisle_number": "N/A",
        "availability": "N/A",
        "product_link": "https://www.walmart.com/ip/Fresh-Celery-Stalk-Each/51259411"
    },
    {
        "name": "Fresh Whole Red Onion, Each",
        "price": 1.02,
        "unit_price": null,
        "unit": null,
        "category": "produce",
        "calories": null,
        "calories_per_dollar": 0,
        "aisle_number": "N/A",
        "availability": "N/A",
        "product_link": "https://www.walmart.com/ip/Fresh-Whole-Red-Onion-Each/51259215"
    },
    {
        "name": "Fresh Grape Tomato, 10 oz Package",
        "price": 2.78,
        "unit_price": 0.27799999999999997,
        "unit": "oz",
        "category": "produce",
        "calories": null,
        "calories_per_dollar": 0,
        "aisle_number": "N/A",
        "availability": "N/A",
        "product_link": "https://www.walmart.com/ip/Fresh-Grape-Tomato-10-oz-Package/10451313"
    },
    {
        "name": "Fresh Iceberg Lettuce, Each",
        "price": 1.94,
        "unit_price": null,
        "unit": null,
        "category": "produce",
        "calories": null,
        "calories_per_dollar": 0,
        "aisle_number": "N/A",
        "availability": "N/A",
        "product_link": "https://www.walmart.com/ip/Fresh-Iceberg-Lettuce-Each/10402650"
    },
    {
        "name": "Fresh Yellow Squash, Each",
        "price": 0.91,
        "unit_price": null,
        "unit": null,
        "category": "produce",
        "calories": null,
        "calories_per_dollar": 0,
        "aisle_number": "N/A",
        "availability": "N/A",
        "product_link": "https://www.walmart.com/ip/Fresh-Yellow-Squash-Each/44391040"
    },
    {
        "name": "Fresh Sweet Onions, 3 lb Bag",
        "price": 3.68,
        "unit_price": 1.2266666666666668,
        "unit": "lb",
        "category": "produce",
        "calories": null,
        "calories_per_dollar": 0,
        "aisle_number": "N/A",
        "availability": "N/A",
        "product_link": "https://www.walmart.com/ip/Fresh-Sweet-Onions-3-lb-Bag/44391105"
    },
    {
        "name": "Great Value Zucchini Blend, 10 oz (Frozen)",
        "price": 1.92,
        "unit_price": 0.192,
        "unit": "oz",
        "category": "produce",
        "calories": null,
        "calories_per_dollar": 0,
        "aisle_number": "N/A",
        "availability": "N/A",
        "product_link": "https://www.walmart.com/ip/Great-Value-Zucchini-Blend-10-oz-Frozen/970864427"
    },
    {
        "name": "Birds Eye Steamfresh Roasted Red Potatoes with Chive Butter Sauce, Frozen Vegetable, 10.8 oz Bag (Frozen)",
        "price": 2.36,
        "unit_price": 0.2185185185185185,
        "unit": "oz",
        "category": "produce",
        "calories": null,
        "calories_per_dollar": 0,
        "aisle_number": "N/A",
        "availability": "N/A",
        "product_link": "https://www.walmart.com/ip/Birds-Eye-Steamfresh-Roasted-Red-Potatoes-with-Chive-Butter-Sauce-Frozen-Vegetable-10-8-oz-Bag-Frozen/54027282"
    },
    {
        "name": "Birds Eye Fire Roasted Brussels Sprouts, Frozen Vegetables, 12 oz",
        "price": 3.97,
        "unit_price": 0.33083333333333337,
        "unit": "oz",
        "category": "produce",
        "calories": null,
        "calories_per_dollar": 0,
        "aisle_number": "N/A",
        "availability": "N/A",
        "product_link": "https://www.walmart.com/ip/Birds-Eye-Fire-Roasted-Brussels-Sprouts-Frozen-Vegetables-12-oz/1514293808"
    },
    {
        "name": "Fresh Vegetable Medley Blend, 32 oz",
        "price": 5.98,
        "unit_price": 0.186875,
        "unit": "oz",
        "category": "produce",
        "calories": null,
        "calories_per_dollar": 0,
        "aisle_number": "N/A",
        "availability": "N/A",
        "product_link": "https://www.walmart.com/ip/Fresh-Vegetable-Medley-Blend-32-oz/15914054"
    },
    {
        "name": "Sweet Potatoes Whole Fresh, Each (Batata Mameya)",
        "price": 1.53,
        "unit_price": null,
        "unit": null,
        "category": "produce",
        "calories": null,
        "calories_per_dollar": 0,
        "aisle_number": "N/A",
        "availability": "N/A",
        "product_link": "https://www.walmart.com/ip/Sweet-Potatoes-Whole-Fresh-Each-Batata-Mameya/44390964"
    },
    {
        "name": "Great Value Mixed Vegetables, Gluten-Free, 15 oz Can",
        "price": 0.96,
        "unit_price": 0.064,
        "unit": "oz",
        "category": "produce",
        "calories": null,
        "calories_per_dollar": 0,
        "aisle_number": "N/A",
        "availability": "N/A",
        "product_link": "https://www.walmart.com/ip/Great-Value-Mixed-Vegetables-Gluten-Free-15-oz-Can/10315951"
    },
    {
        "name": "Fresh Green Cabbage, Each",
        "price": 3.48,
        "unit_price": null,
        "unit": null,
        "category": "produce",
        "calories": null,
        "calories_per_dollar": 0,
        "aisle_number": "N/A",
        "availability": "N/A",
        "product_link": "https://www.walmart.com/ip/Fresh-Green-Cabbage-Each/44391042"
    },
    {
        "name": "Fresh Cauliflower, Each",
        "price": 2.86,
        "unit_price": null,
        "unit": null,
        "category": "produce",
        "calories": null,
        "calories_per_dollar": 0,
        "aisle_number": "N/A",
        "availability": "N/A",
        "product_link": "https://www.walmart.com/ip/Fresh-Cauliflower-Each/10402652"
    },
    {
        "name": "Great Value Cut Green Beans, Canned Green Beans, 14.5 oz Can",
        "price": 0.64,
        "unit_price": 0.04413793103448276,
        "unit": "oz",
        "category": "produce",
        "calories": null,
        "calories_per_dollar": 0,
        "aisle_number": "N/A",
        "availability": "N/A",
        "product_link": "https://www.walmart.com/ip/Great-Value-Cut-Green-Beans-Canned-Green-Beans-14-5-oz-Can/10448318"
    },
    {
        "name": "Green Giant Simply Steam Broccoli &amp; Cheese Sauce, 10 oz Bag (Frozen Vegetables)",
        "price": 1.98,
        "unit_price": 0.198,
        "unit": "oz",
        "category": "produce",
        "calories": 100.0,
        "calories_per_dollar": 0,
        "aisle_number": "N/A",
        "availability": "N/A",
        "product_link": "https://www.walmart.com/ip/Green-Giant-Simply-Steam-Broccoli-Cheese-Sauce-10-oz-Bag-Frozen-Vegetables/10813707"
    },
    {
        "name": "Marketside Fresh Sugar Snap Peas, 8 oz",
        "price": 2.57,
        "unit_price": 0.32125,
        "unit": "oz",
        "category": "produce",
        "calories": null,
        "calories_per_dollar": 0,
        "aisle_number": "N/A",
        "availability": "N/A",
        "product_link": "https://www.walmart.com/ip/Marketside-Fresh-Sugar-Snap-Peas-8-oz/13399614"
    },
    {
        "name": "Great Value Brussels Sprouts, 12 oz Bag (Frozen)",
        "price": 1.42,
        "unit_price": 0.11833333333333333,
        "unit": "oz",
        "category": "produce",
        "calories": null,
        "calories_per_dollar": 0,
        "aisle_number": "N/A",
        "availability": "N/A",
        "product_link": "https://www.walmart.com/ip/Great-Value-Brussels-Sprouts-12-oz-Bag-Frozen/661948092"
    },
    {
        "name": "Land O Lakes Refrigerated Yellow Deli American Cheese Product, Sliced to Order (Fresh, Plastic Bag)",
        "price": 6.82,
        "unit_price": null,
        "unit": null,
        "category": "produce",
        "calories": null,
        "calories_per_dollar": 0,
        "aisle_number": "N/A",
        "availability": "N/A",
        "product_link": "https://www.walmart.com/ip/Land-O-Lakes-Refrigerated-Yellow-Deli-American-Cheese-Product-Sliced-to-Order-Fresh-Plastic-Bag/174071195"
    },
    {
        "name": "Land O Lakes Refrigerated White Deli American Cheese Product, Sliced to Order (Fresh, Plastic Bag)",
        "price": 6.82,
        "unit_price": null,
        "unit": null,
        "category": "produce",
        "calories": null,
        "calories_per_dollar": 0,
        "aisle_number": "N/A",
        "availability": "N/A",
        "product_link": "https://www.walmart.com/ip/Land-O-Lakes-Refrigerated-White-Deli-American-Cheese-Product-Sliced-to-Order-Fresh-Plastic-Bag/186368201?athbdg=L1600"
    },
    {
        "name": "Sargento\u00ae Sliced Sharp Natural Cheddar Cheese, 11 slices",
        "price": 2.97,
        "unit_price": null,
        "unit": null,
        "category": "produce",
        "calories": null,
        "calories_per_dollar": 0,
        "aisle_number": "N/A",
        "availability": "N/A",
        "product_link": "https://www.walmart.com/ip/Sargento-Sliced-Sharp-Natural-Cheddar-Cheese-11-slices/10291566"
    },
    {
        "name": "Land O Lakes White American Cheese, Sliced (Fresh, Plastic Bag)",
        "price": 3.41,
        "unit_price": null,
        "unit": null,
        "category": "produce",
        "calories": null,
        "calories_per_dollar": 0,
        "aisle_number": "N/A",
        "availability": "N/A",
        "product_link": "https://www.walmart.com/ip/Land-O-Lakes-White-American-Cheese-Sliced-Fresh-Plastic-Bag/289679400?athbdg=L1600"
    },
    {
        "name": "Prima Della Colby Cheese, Deli Sliced (Refrigerated Bag)",
        "price": 6.82,
        "unit_price": null,
        "unit": null,
        "category": "produce",
        "calories": null,
        "calories_per_dollar": 0,
        "aisle_number": "N/A",
        "availability": "N/A",
        "product_link": "https://www.walmart.com/ip/Prima-Della-Colby-Cheese-Deli-Sliced-Refrigerated-Bag/108822920"
    },
    {
        "name": "Prima Della Colby Jack Cheese, Deli Sliced, Refrigerated Bag",
        "price": 7.62,
        "unit_price": null,
        "unit": null,
        "category": "produce",
        "calories": null,
        "calories_per_dollar": 0,
        "aisle_number": "N/A",
        "availability": "N/A",
        "product_link": "https://www.walmart.com/ip/Prima-Della-Colby-Jack-Cheese-Deli-Sliced-Refrigerated-Bag/146884183"
    },
    {
        "name": "Land O Lakes Refrigerated Yellow Deli American Cheese Product, Sliced to Order (Fresh, Plastic Bag)",
        "price": 6.82,
        "unit_price": null,
        "unit": null,
        "category": "produce",
        "calories": null,
        "calories_per_dollar": 0,
        "aisle_number": "N/A",
        "availability": "N/A",
        "product_link": "https://www.walmart.com/ip/Land-O-Lakes-Refrigerated-Yellow-Deli-American-Cheese-Product-Sliced-to-Order-Fresh-Plastic-Bag/174071195"
    },
    {
        "name": "Land O Lakes Refrigerated White Deli American Cheese Product, Sliced to Order (Fresh, Plastic Bag)",
        "price": 6.82,
        "unit_price": null,
        "unit": null,
        "category": "produce",
        "calories": null,
        "calories_per_dollar": 0,
        "aisle_number": "N/A",
        "availability": "N/A",
        "product_link": "https://www.walmart.com/ip/Land-O-Lakes-Refrigerated-White-Deli-American-Cheese-Product-Sliced-to-Order-Fresh-Plastic-Bag/186368201?athbdg=L1600"
    },
    {
        "name": "President Imported Emmental Swiss Cheese, Deli Sliced (Refrigerated)",
        "price": 6.97,
        "unit_price": null,
        "unit": null,
        "category": "produce",
        "calories": null,
        "calories_per_dollar": 0,
        "aisle_number": "N/A",
        "availability": "N/A",
        "product_link": "https://www.walmart.com/ip/President-Imported-Emmental-Swiss-Cheese-Deli-Sliced-Refrigerated/10451945"
    },
    {
        "name": "Great Value Singles American Pasteurized Prepared Cheese Product, 16 oz, 24 Count",
        "price": 2.48,
        "unit_price": 0.155,
        "unit": "oz",
        "category": "produce",
        "calories": null,
        "calories_per_dollar": 0,
        "aisle_number": "N/A",
        "availability": "N/A",
        "product_link": "https://www.walmart.com/ip/Great-Value-Singles-American-Pasteurized-Prepared-Cheese-Product-16-oz-24-Count/10452423?athbdg=L1600"
    },
    {
        "name": "Babybel Original Flavored Snack Cheese, 8.5 oz, 12 Count Net. Refrigerated",
        "price": 6.98,
        "unit_price": 0.8211764705882354,
        "unit": "oz",
        "category": "produce",
        "calories": null,
        "calories_per_dollar": 0,
        "aisle_number": "N/A",
        "availability": "N/A",
        "product_link": "https://www.walmart.com/ip/Babybel-Original-Flavored-Snack-Cheese-8-5-oz-12-Count-Net-Refrigerated/1934837501?athbdg=L1600"
    },
    {
        "name": "Great Value Finely Shredded Fiesta Blend Cheese, 8 oz",
        "price": 2.24,
        "unit_price": 0.28,
        "unit": "oz",
        "category": "produce",
        "calories": null,
        "calories_per_dollar": 0,
        "aisle_number": "N/A",
        "availability": "N/A",
        "product_link": "https://www.walmart.com/ip/Great-Value-Finely-Shredded-Fiesta-Blend-Cheese-8-oz/10452562?athbdg=L1600"
    },
    {
        "name": "Great Value Finely Shredded Low-Moisture Part-Skim Mozzarella Cheese, 8 oz Bag",
        "price": 2.24,
        "unit_price": 0.28,
        "unit": "oz",
        "category": "produce",
        "calories": null,
        "calories_per_dollar": 0,
        "aisle_number": "N/A",
        "availability": "N/A",
        "product_link": "https://www.walmart.com/ip/Great-Value-Finely-Shredded-Low-Moisture-Part-Skim-Mozzarella-Cheese-8-oz-Bag/10452371"
    },
    {
        "name": "Great Value Finely Shredded Fiesta Blend Cheese, 32 oz Bag",
        "price": 7.47,
        "unit_price": 0.2334375,
        "unit": "oz",
        "category": "produce",
        "calories": null,
        "calories_per_dollar": 0,
        "aisle_number": "N/A",
        "availability": "N/A",
        "product_link": "https://www.walmart.com/ip/Great-Value-Finely-Shredded-Fiesta-Blend-Cheese-32-oz-Bag/10452468"
    },
    {
        "name": "Great Value Finely Shredded Colby Jack Cheese, 8 oz",
        "price": 2.24,
        "unit_price": 0.28,
        "unit": "oz",
        "category": "produce",
        "calories": null,
        "calories_per_dollar": 0,
        "aisle_number": "N/A",
        "availability": "N/A",
        "product_link": "https://www.walmart.com/ip/Great-Value-Finely-Shredded-Colby-Jack-Cheese-8-oz/10452564?athbdg=L1200"
    },
    {
        "name": "Kraft Singles American Cheese Slices, 24 Ct Pk",
        "price": 4.98,
        "unit_price": 0.20750000000000002,
        "unit": "ct",
        "category": "produce",
        "calories": null,
        "calories_per_dollar": 0,
        "aisle_number": "N/A",
        "availability": "N/A",
        "product_link": "https://www.walmart.com/ip/Kraft-Singles-American-Cheese-Slices-24-Ct-Pk/10452905"
    },
    {
        "name": "Great Value Deli Style Sliced Colby &amp; Monterey Jack Cheese, 8 oz, 12 Slices (Plastic Packaging)",
        "price": 2.24,
        "unit_price": 0.28,
        "unit": "oz",
        "category": "produce",
        "calories": null,
        "calories_per_dollar": 0,
        "aisle_number": "N/A",
        "availability": "N/A",
        "product_link": "https://www.walmart.com/ip/Great-Value-Deli-Style-Sliced-Colby-Monterey-Jack-Cheese-8-oz-12-Slices-Plastic-Packaging/51517697"
    },
    {
        "name": "Great Value Block Colby &amp; Monterey Jack Cheese, 8 oz",
        "price": 1.97,
        "unit_price": 0.24625,
        "unit": "oz",
        "category": "produce",
        "calories": null,
        "calories_per_dollar": 0,
        "aisle_number": "N/A",
        "availability": "N/A",
        "product_link": "https://www.walmart.com/ip/Great-Value-Block-Colby-Monterey-Jack-Cheese-8-oz/34186940"
    },
    {
        "name": "Great Value Block Sharp Cheddar Cheese, 8 oz",
        "price": 1.97,
        "unit_price": 0.24625,
        "unit": "oz",
        "category": "produce",
        "calories": null,
        "calories_per_dollar": 0,
        "aisle_number": "N/A",
        "availability": "N/A",
        "product_link": "https://www.walmart.com/ip/Great-Value-Block-Sharp-Cheddar-Cheese-8-oz/34186946"
    },
    {
        "name": "Tillamook Sharp White Cheddar Cheese Snack Portions, 10 Count, 7.5 oz",
        "price": 4.24,
        "unit_price": 0.42400000000000004,
        "unit": "count",
        "category": "produce",
        "calories": null,
        "calories_per_dollar": 0,
        "aisle_number": "N/A",
        "availability": "N/A",
        "product_link": "https://www.walmart.com/ip/Tillamook-Sharp-White-Cheddar-Cheese-Snack-Portions-10-Count-7-5-oz/50633521"
    },
    {
        "name": "Velveeta Original Melting Cheese Dip &amp; Sauce, 16 Oz Block",
        "price": 5.48,
        "unit_price": 0.3425,
        "unit": "oz",
        "category": "produce",
        "calories": null,
        "calories_per_dollar": 0,
        "aisle_number": "N/A",
        "availability": "N/A",
        "product_link": "https://www.walmart.com/ip/Velveeta-Original-Melting-Cheese-Dip-Sauce-16-Oz-Block/10295586"
    },
    {
        "name": "Great Value Deli Style Sliced Non-Smoked Provolone Cheese, 8 oz, 12 Count",
        "price": 2.24,
        "unit_price": 0.28,
        "unit": "oz",
        "category": "produce",
        "calories": null,
        "calories_per_dollar": 0,
        "aisle_number": "N/A",
        "availability": "N/A",
        "product_link": "https://www.walmart.com/ip/Great-Value-Deli-Style-Sliced-Non-Smoked-Provolone-Cheese-8-oz-12-Count/10451510"
    },
    {
        "name": "Great Value Deli Style Sliced Mild Cheddar Cheese, 8 oz, 12 Count",
        "price": 2.24,
        "unit_price": 0.28,
        "unit": "oz",
        "category": "produce",
        "calories": null,
        "calories_per_dollar": 0,
        "aisle_number": "N/A",
        "availability": "N/A",
        "product_link": "https://www.walmart.com/ip/Great-Value-Deli-Style-Sliced-Mild-Cheddar-Cheese-8-oz-12-Count/10452514"
    },
    {
        "name": "Sargento Sliced Sharp Natural Cheddar Cheese, 11 slices",
        "price": 2.97,
        "unit_price": null,
        "unit": null,
        "category": "produce",
        "calories": null,
        "calories_per_dollar": 0,
        "aisle_number": "N/A",
        "availability": "N/A",
        "product_link": "https://www.walmart.com/ip/Sargento-Sliced-Sharp-Natural-Cheddar-Cheese-11-slices/10291566"
    },
    {
        "name": "Great Value Finely Shredded Parmesan Cheese, 6 oz",
        "price": 2.24,
        "unit_price": 0.37333333333333335,
        "unit": "oz",
        "category": "produce",
        "calories": null,
        "calories_per_dollar": 0,
        "aisle_number": "N/A",
        "availability": "N/A",
        "product_link": "https://www.walmart.com/ip/Great-Value-Finely-Shredded-Parmesan-Cheese-6-oz/10452414"
    },
    {
        "name": "Great Value Finely Shredded Sharp Cheddar Cheese, 16 oz",
        "price": 4.22,
        "unit_price": 0.26375,
        "unit": "oz",
        "category": "produce",
        "calories": null,
        "calories_per_dollar": 0,
        "aisle_number": "N/A",
        "availability": "N/A",
        "product_link": "https://www.walmart.com/ip/Great-Value-Finely-Shredded-Sharp-Cheddar-Cheese-16-oz/10452477"
    },
    {
        "name": "Great Value Finely Shredded Sharp Cheddar Cheese, 8 oz",
        "price": 2.24,
        "unit_price": 0.28,
        "unit": "oz",
        "category": "produce",
        "calories": null,
        "calories_per_dollar": 0,
        "aisle_number": "N/A",
        "availability": "N/A",
        "product_link": "https://www.walmart.com/ip/Great-Value-Finely-Shredded-Sharp-Cheddar-Cheese-8-oz/10452431"
    },
    {
        "name": "Great Value Deli Style Sliced Sharp Cheddar Cheese, 8 oz, 12 Slices",
        "price": 2.24,
        "unit_price": 0.28,
        "unit": "oz",
        "category": "produce",
        "calories": null,
        "calories_per_dollar": 0,
        "aisle_number": "N/A",
        "availability": "N/A",
        "product_link": "https://www.walmart.com/ip/Great-Value-Deli-Style-Sliced-Sharp-Cheddar-Cheese-8-oz-12-Slices/15077514"
    },
    {
        "name": "Kraft Singles American Cheese Slices, 24 Ct Pk",
        "price": 4.98,
        "unit_price": 0.20750000000000002,
        "unit": "ct",
        "category": "produce",
        "calories": null,
        "calories_per_dollar": 0,
        "aisle_number": "N/A",
        "availability": "N/A",
        "product_link": "https://www.walmart.com/ip/Kraft-Singles-American-Cheese-Slices-24-Ct-Pk/10452905"
    },
    {
        "name": "Yancey's Fancy Cheese Smoked Gouda Cheese, 7.6oz, Refrigerated/Chilled, Plastic",
        "price": 5.74,
        "unit_price": 0.7552631578947369,
        "unit": "oz",
        "category": "produce",
        "calories": null,
        "calories_per_dollar": 0,
        "aisle_number": "N/A",
        "availability": "N/A",
        "product_link": "https://www.walmart.com/ip/Yancey-s-Fancy-Cheese-Smoked-Gouda-Cheese-7-6oz-Refrigerated-Chilled-Plastic/137020708"
    },
    {
        "name": "Great Value Finely Shredded Triple Cheddar Cheese, 8 oz",
        "price": 2.24,
        "unit_price": 0.28,
        "unit": "oz",
        "category": "produce",
        "calories": null,
        "calories_per_dollar": 0,
        "aisle_number": "N/A",
        "availability": "N/A",
        "product_link": "https://www.walmart.com/ip/Great-Value-Finely-Shredded-Triple-Cheddar-Cheese-8-oz/46491724"
    },
    {
        "name": "Great Value Cream Cheese Brick, 8 oz (Refrigerated)",
        "price": 1.86,
        "unit_price": 0.2325,
        "unit": "oz",
        "category": "produce",
        "calories": null,
        "calories_per_dollar": 0,
        "aisle_number": "N/A",
        "availability": "N/A",
        "product_link": "https://www.walmart.com/ip/Great-Value-Cream-Cheese-Brick-8-oz-Refrigerated/10452429"
    },
    {
        "name": "Great Value Grated Parmesan Cheese, 8 oz Bottle",
        "price": 2.98,
        "unit_price": 0.3725,
        "unit": "oz",
        "category": "produce",
        "calories": null,
        "calories_per_dollar": 0,
        "aisle_number": "N/A",
        "availability": "N/A",
        "product_link": "https://www.walmart.com/ip/Great-Value-Grated-Parmesan-Cheese-8-oz-Bottle/10315402"
    },
    {
        "name": "Great Value Mozzarella String Cheese Sticks, 12 oz Bag, 12 Count (Refrigerated)",
        "price": 2.97,
        "unit_price": 0.24750000000000003,
        "unit": "oz",
        "category": "produce",
        "calories": null,
        "calories_per_dollar": 0,
        "aisle_number": "N/A",
        "availability": "N/A",
        "product_link": "https://www.walmart.com/ip/Great-Value-Mozzarella-String-Cheese-Sticks-12-oz-Bag-12-Count-Refrigerated/882311974"
    },
    {
        "name": "El Mexicano Casero FreshQueso Fresco Crumbling Cheese, 10 Oz.",
        "price": 3.18,
        "unit_price": 0.318,
        "unit": "oz",
        "category": "produce",
        "calories": null,
        "calories_per_dollar": 0,
        "aisle_number": "N/A",
        "availability": "N/A",
        "product_link": "https://www.walmart.com/ip/El-Mexicano-Casero-FreshQueso-Fresco-Crumbling-Cheese-10-Oz/20880835"
    },
    {
        "name": "Great Value Cubed Colby &amp; Monterey Jack Cheese, 8 oz Bag (Plastic Packaging)",
        "price": 2.37,
        "unit_price": 0.29625,
        "unit": "oz",
        "category": "produce",
        "calories": null,
        "calories_per_dollar": 0,
        "aisle_number": "N/A",
        "availability": "N/A",
        "product_link": "https://www.walmart.com/ip/Great-Value-Cubed-Colby-Monterey-Jack-Cheese-8-oz-Bag-Plastic-Packaging/10452510"
    },
    {
        "name": "Great Value Shredded Colby &amp; Monterey Jack Cheese, 32 oz",
        "price": 7.47,
        "unit_price": 0.2334375,
        "unit": "oz",
        "category": "produce",
        "calories": null,
        "calories_per_dollar": 0,
        "aisle_number": "N/A",
        "availability": "N/A",
        "product_link": "https://www.walmart.com/ip/Great-Value-Shredded-Colby-Monterey-Jack-Cheese-32-oz/10452560"
    },
    {
        "name": "Great Value Block Sharp Cheddar Cheese, 16 oz",
        "price": 3.74,
        "unit_price": 0.23375,
        "unit": "oz",
        "category": "produce",
        "calories": null,
        "calories_per_dollar": 0,
        "aisle_number": "N/A",
        "availability": "N/A",
        "product_link": "https://www.walmart.com/ip/Great-Value-Block-Sharp-Cheddar-Cheese-16-oz/10452385"
    },
    {
        "name": "Great Value Colby &amp; Monterey Jack Cheese, 16 oz Block (Plastic Packaging)",
        "price": 3.74,
        "unit_price": 0.23375,
        "unit": "oz",
        "category": "produce",
        "calories": null,
        "calories_per_dollar": 0,
        "aisle_number": "N/A",
        "availability": "N/A",
        "product_link": "https://www.walmart.com/ip/Great-Value-Colby-Monterey-Jack-Cheese-16-oz-Block-Plastic-Packaging/10452511"
    },
    {
        "name": "Great Value Cracker Cut Sliced 4 Cheese Tray, 16 oz",
        "price": 4.98,
        "unit_price": 0.31125,
        "unit": "oz",
        "category": "produce",
        "calories": null,
        "calories_per_dollar": 0,
        "aisle_number": "N/A",
        "availability": "N/A",
        "product_link": "https://www.walmart.com/ip/Great-Value-Cracker-Cut-Sliced-4-Cheese-Tray-16-oz/814783251"
    },
    {
        "name": "Great Value Swiss Cheese Block, 8 oz",
        "price": 1.97,
        "unit_price": 0.24625,
        "unit": "oz",
        "category": "produce",
        "calories": null,
        "calories_per_dollar": 0,
        "aisle_number": "N/A",
        "availability": "N/A",
        "product_link": "https://www.walmart.com/ip/Great-Value-Swiss-Cheese-Block-8-oz/10452776"
    },
    {
        "name": "Great Value Finely Shredded Fiesta Blend Cheese, 16 oz",
        "price": 4.22,
        "unit_price": 0.26375,
        "unit": "oz",
        "category": "produce",
        "calories": null,
        "calories_per_dollar": 0,
        "aisle_number": "N/A",
        "availability": "N/A",
        "product_link": "https://www.walmart.com/ip/Great-Value-Finely-Shredded-Fiesta-Blend-Cheese-16-oz/15544059"
    }
]